3236 5086
315 411 406 466 XVIII

317 565 368 624 sed
392 567 456 642 ipse
478 562 617 640 librarius
633 561 794 639 permultas
809 563 1025 634 correctiones,
1049 565 1145 626 varias
1160 565 1319 638 lectiones,
1342 564 1456 645 glossas

317 649 426 710 adiecit
448 657 477 709 ot
500 650 555 710 boc
577 646 695 727 quidem
724 647 848 710 diversis
875 649 1069 728 temporibus.
1116 651 1154 713 Ut
1176 653 1255 712 enlm
1279 653 1457 712 mutationes

316 733 446 794 radendo
469 741 582 794 tantum
599 733 746 810 perlectas
762 735 1014 812 praetermittam,
1038 735 1092 796 alia
1116 738 1147 796 io
1170 738 1235 815 ipso
1257 736 1360 798 codice
1382 738 1456 796 scri·

316 818 414 879 hendo
437 818 541 878 eodem
570 825 735 878 atramento
763 817 928 889 subiunxit,
959 819 1012 880 alla
1041 821 1187 897 nigriore,
1216 821 1270 880 alia
1300 819 1457 900 pallidiore

315 912 345 965 et
372 904 497 968 lutoolo.
527 902 581 963 alia
611 902 702 963 rubro
730 900 924 981 pigmento³³J
948 912 1050 980 postca
1072 905 1206 984 scripsit,
1229 905 1358 986 denique
1382 923 1454 965 non·

314 990 393 1050 nulla
421 989 628 1054 inveniuntur,
657 1005 782 1064 quorum
812 995 975 1048 atramenta
1005 1007 1101 1068 neque
1135 1008 1203 1049 curn
1231 989 1288 1051 illis
1317 989 1456 1050 omnibus

314 1091 411 1154 neque
434 1073 559 1134 lortasso
587 1091 704 1151 seraper
731 1075 809 1132 inter
839 1091 904 1132 seso
926 1073 1118 1135 coricorrlant.
1161 1073 1199 1134 Et
1226 1073 1300 1135 baec
1325 1074 1454 1152 quidem,

314 1167 347 1217 ut
369 1176 384 1216 a
408 1158 518 1218 ceteris
540 1159 707 1234 seirrngam,
731 1153 827 1217 corr.⁴
849 1157 1020 1236 appellabo:
1049 1177 1124 1237 quae
1147 1165 1245 1220 autern
1273 1160 1368 1238 primo
1390 1157 1455 1219 loco

314 1243 491 1310 memoravi,
521 1242 545 1300 si
574 1245 604 1302 in
634 1244 766 1318 margine
794 1243 999 1310 inveniuntur,
1030 1243 1085 1302 bao
1107 1253 1192 1304 nota:
1221 1241 1294 1320 mg.¹
1323 1241 1455 1321 signabo,

314 1330 360 1388 sin
388 1328 467 1387 inter
494 1327 601 1395 lineas,
630 1335 680 1386 aut
707 1327 802 1386 oorr.¹
837 1326 946 1387 vocabo
976 1335 1026 1386 aut
1052 1329 1091 1387 ila
1123 1327 1259 1396 relidam,
1289 1337 1322 1389 ut
1351 1346 1456 1407 super·

1057 1413 1145 1470 ola'ou

315 1489 425 1568 scripta
448 1495 531 1556 sunt,
555 1486 633 1546 velut
655 1485 693 1552 ll,
719 1483 767 1547 12.
793 1483 923 1556 127411,
948 1483 983 1545 9:
1007 1487 1203 1564 „petoldou
1225 1485 1302 1558 l'²“,
1326 1488 1354 1548 il
1379 1487 1455 1565 quoti

315 1583 343 1633 et
366 1573 395 1632 in
419 1570 476 1630 boc
499 1570 600 1630 codiee
629 1581 658 1630 et
686 1573 715 1630 iu
745 1572 852 1632 ceteris
880 1571 1018 1632 omnibus
1049 1590 1107 1632 non
1130 1574 1251 1644 inciam,
1281 1574 1338 1634 olsi
1364 1571 1455 1634 altera

315 1657 403 1718 lectio
426 1675 484 1716 non
513 1657 606 1716 solum
634 1655 757 1716 eandem
788 1674 922 1724 manum,
952 1655 1004 1717 secl
1034 1658 1124 1717 otiam
1151 1657 1231 1718 irlem
1259 1666 1454 1719 atramentum

314 1761 382 1802 oum
406 1742 479 1819 ipsis
502 1740 651 1801 continuis
675 1737 774 1800 verbis
796 1740 941 1802 ostendit:
970 1742 1119 1802 secundae
1147 1742 1251 1803 elassis
1278 1744 1456 1810 mutationes

313 1823 445 1907 (corni),
475 1826 578 1904 quales
601 1825 688 1884 etiam
712 1827 741 1885 in
770 1823 890 1904 reliquis
912 1825 1052 1903 operibus
1074 1824 1111 1886 ab
1139 1827 1195 1888 boo
1218 1825 1321 1888 colico
1351 1827 1456 1888 oblatis

313 1913 449 1991 repperi,
480 1911 636 1970 maximam
666 1919 779 1987 partem
808 1913 995 1972 coniecturas
1022 1913 1157 1990 sapiunt,
1185 1912 1241 1972 etsi
1269 1913 1314 1972 vix
1342 1930 1391 1972 eas
1418 1930 1455 1972 ex

312 1999 407 2076 ipsius
443 1995 544 2056 librari
578 1996 697 2070 ingenio
727 1993 846 2054 lraustas
880 2014 944 2055 esse
978 1995 1173 2063 crediderim,
1208 2005 1342 2060 ceterum
1376 2005 1455 2056 corta

315 2099 418 2141 earum
443 2081 574 2158 excorpla
597 2081 628 2138 io
650 2078 783 2140 Politicis
811 2097 865 2158 per
892 2079 966 2140 cluos
995 2079 1082 2140 niodo
1104 2079 1197 2140 libros
1224 2081 1340 2158 priores
1367 2098 1455 2160 appa·

312 2173 395 2236 rent,
424 2183 499 2246 quae
528 2166 606 2226 enim
635 2183 689 2243 per
718 2167 897 2244 posteriores
926 2165 968 2224 eis
996 2165 1202 2234 adnumerari,
1230 2167 1294 2244 ipse
1326 2167 1456 2228 incertus

311 2270 376 2312 sum
399 2268 475 2311 aurae
499 2253 596 2330 potius
619 2251 715 2329 primo
732 2249 834 2326 generi
858 2249 916 2308 siut
939 2251 1128 2324 assignanda:
1153 2259 1314 2328 supersunt
1336 2252 1455 2312 tertium

310 2353 403 2414 genus
425 2335 579 2405 luteolum
604 2337 660 2404 orti,
684 2334 736 2394 ubi
764 2336 842 2394 inter
870 2333 962 2392 lineas
989 2333 1085 2394 lorum
1116 2343 1211 2401 tenet,
1236 2343 1334 2396 notam
1363 2335 1454 2396 bane:

311 2417 414 2487 oorr.³,
432 2420 481 2480 ubi
497 2419 526 2480 io
543 2422 686 2496 margine,
704 2418 795 2479 banc:
813 2416 888 2492 ηις.3
903 2417 1046 2486 tribuam,
1063 2428 1093 2478 et
1107 2427 1244 2498 quartum
1260 2418 1455 2486 rubricatum,

312 2506 398 2564 ouius
413 2501 451 2582 p²
465 2511 502 2572 et,
520 2503 570 2564 ubi
585 2503 748 2580 marginem
764 2501 823 2564 sibi
839 2502 1004 2572 vindicavit,
1021 2521 1080 2580 mg.
1098 2501 1136 2582 15²
1150 2504 1229 2582 apud
1246 2522 1294 2564 me
1309 2504 1455 2582 signitica-

311 2589 352 2648 tio
376 2591 442 2648 erit.
474 2589 560 2666 Atqui
582 2585 712 2664 glossae,
737 2606 808 2666 qoas
831 2589 964 2648 continet
984 2589 1014 2648 io
1037 2588 1123 2649 libris
1142 2589 1271 2667 politicis
1294 2589 1401 2656 codex,
1425 2596 1457 2648 ut

311 2691 406 2750 paene
421 2689 525 2734 omnes
544 2671 651 2732 borum
667 2673 793 2733 duorum
810 2690 954 2750 generum
971 2681 1048 2740 snut,
1072 2675 1111 2732 ita
1135 2691 1270 2750 magnam
1295 2682 1408 2750 partem
1424 2673 1456 2730 ln

312 2754 352 2818 P¹
369 2775 487 2838 quoque
502 2758 708 2824 inveniuntur,
724 2759 774 2836 qui
792 2755 881 2824 libor,
905 2766 938 2816 ut
954 2757 1029 2826 dixi,
1048 2757 1143 2817 tribus
1159 2767 1271 2818 tantum
1288 2755 1360 2819 locis
1376 2759 1456 2818 aius-

312 2841 393 2902 modi
417 2849 502 2902 notas
524 2839 630 2910 babet,
655 2841 706 2901 ubi
728 2845 759 2901 in
777 2839 818 2902 1³²
841 2841 962 2910 desunt,
987 2849 1016 2900 et
1037 2841 1091 2902 bas
1113 2842 1231 2921 quidem
1255 2841 1349 2904 altero
1371 2842 1456 2903 rubri

311 2927 457 3003 pigmenti
480 2943 589 3004 genere
612 2927 752 3005 scriptas,
781 2933 810 2985 et
833 2926 991 2986 nonnullae
1013 2943 1114 2986 earrrm
1137 2927 1252 3003 inipso
1275 2925 1363 2986 verba
1387 2945 1457 2985 con·

312 3013 395 3071 tinne
422 3011 462 3072 ltr
491 3010 603 3072 ootlicis
636 3019 665 3070 et
697 3011 831 3089 inprimis
866 3017 996 3071 vetustae
1031 3011 1229 3074 translationis
1261 3013 1455 3086 irrepserunt,

312 3102 441 3156 attamen
464 3113 523 3156 uno
548 3093 651 3155 saltem
674 3094 754 3164 loco,
778 3093 855 3165 Vlll,
879 3093 908 3154 7.
934 3091 1016 3156 1342
1038 3113 1070 3164 a,
1097 3093 1151 3162 18,
1175 3114 1229 3156 uox
1251 3097 1282 3155 in
1305 3095 1337 3155 Γ
1352 3095 1392 3155 lll⁸
1413 3091 1454 3154 Ρι

312 3181 419 3240 omissa
442 3181 642 3259 superscripta
665 3179 784 3259 quidem
809 3187 853 3238 est
867 3180 896 3238 iu
913 3177 958 3248 1³²,
982 3178 1034 3239 sed
1050 3189 1200 3259 tamquam
1217 3179 1313 3257 glossa
1329 3187 1358 3239 et
1374 3187 1456 3240 recto

312 3265 444 3345 quidem,
466 3265 525 3324 hisi
548 3265 650 3336 iallor,
675 3263 765 3326 cultro
781 3265 930 3343 pigmento
947 3273 992 3325 ost
1008 3267 1220 3344 strperscripta.
1265 3263 1338 3325 ltem
1355 3281 1455 3324 eorre-

311 3351 439 3412 ctionum
456 3351 663 3431 variarumque
679 3350 838 3412 lectionum
855 3360 884 3409 et
900 3348 1009 3410 luteolo
1025 3358 1054 3409 et
1069 3348 1236 3410 rubicundo
1252 3348 1367 3429 liquore
1383 3349 1457 3409 scri·

312 3445 427 3512 ptarum
447 3433 592 3515 plurimae
609 3454 677 3496 cum
694 3435 796 3496 eadem
815 3432 863 3494 illa
882 3431 1066 3504 recensione,
1085 3453 1101 3494 e
1120 3453 1177 3512 qua
1194 3432 1370 3513 prodierunt
1381 3431 1457 3494 Flu

311 3517 356 3588 P¹‚
376 3523 545 3581 concinunt.
575 3521 659 3582 Unde
675 3529 756 3600 patet
771 3519 926 3579 librarium
940 3527 1059 3597 praeter
1070 3518 1220 3586 coelicam,
1238 3536 1326 3595 quem
1343 3517 1456 3578 deseri·
1476 3523 1479 3528 '

310 3606 385 3682 psit,
402 3607 490 3666 etiam
507 3607 601 3666 altero
617 3603 696 3666 illam
713 3605 918 3664 recensionem
935 3611 1037 3664 secuto
1060 3622 1144 3665 usum
1168 3611 1198 3664 et
1218 3603 1257 3664 ita
1275 3621 1360 3664 usum
1381 3621 1456 3670 esse,

317 3737 527 3752 ---——-——b-

312 3809 409 3874 ὅτιτὸ
429 3821 535 3874 δοῦλον
555 3819 656 3900 majest,
678 3819 770 3876 εἶκαὶ
793 3815 834 3904 pr}
855 3821 926 3888 πᾶν,
951 3813 1015 3876 citt'
1036 3817 1113 3902 futen
1137 3807 1152 3875 δ’
1172 3820 1222 3875 καὶ
1245 3811 1287 3873 δι’
1307 3811 1396 3902 obitur
1414 3815 1458 3872 αἰ-

313 3888 386 3950 τίας.
423 3891 450 3946 b,
468 3893 484 3940 2
503 3907 561 3956 sqq.
580 3908 625 3943 οτι
649 3884 680 3944 ἐν
702 3891 741 3944 τῶ
764 3895 824 3956 §rom
847 3885 1001 3958 δεσποτικὴ
1027 3909 1102 3959 cogn
1121 3889 1170 3943 nol
1189 3892 1337 3956 πολιτικη,
1361 3907 1379 3954 η
1403 3883 1457 3954 μὲν

313 3953 411 4040 ψυχῆς
429 3949 447 4023 ἡ
467 3951 500 4008 ol
520 3951 582 4008 νοῦ.
621 3962 652 4010 16
669 3975 728 4026 sqq.
747 3959 824 4020 τίνες
843 3955 898 4010 τῶν
918 3949 1081 4025 ἀνθρώπων
1099 3951 1194 4026 φύσει,
1206 3955 1316 4011 δοῦλοι.
1351 3959 1385 4008 et
1397 3972 1458 4022 sqq.

313 4047 357 4082 ort
382 4029 431 4082 nni
458 4022 493 4083 τὰ
517 4023 634 4098 σώματα
660 4031 716 4110 opio
743 4027 906 4101 ἐλευθέρων
933 4033 984 4087 καὶ
1012 4027 1124 4087 δούλων
1152 4022 1238 4114 popel
1265 4025 1456 4112 bpopipooroe.

314 4115 337 4150 o.
356 4103 378 4150 8.
401 4101 465 4174 t‘tbb
483 4097 515 4163 b,
535 4101 567 4150 28
585 4115 643 4166 sqq.
665 4117 710 4154 οτι
729 4095 747 4170 η’
766 4096 907 4170 πολεμικὴ
932 4095 1171 4180 puoso-arnoia),
1196 4119 1231 4168 ης
1254 4117 1340 4168 usone
1362 4117 1380 4166 η
1400 4099 1458 4179 θης

314 4180 442 4246 penman-
481 4181 502 4216 o.
523 4169 547 4220 9.
565 4183 590 4245 a.
609 4173 642 4220 tu
660 4185 718 4234 sqq.
742 4169 807 4236 περὶ
826 4186 1052 4247 χρηματιστιῃῃς
1070 4167 1120 4250 e‘nl
1137 4185 1185 4221 ort
1203 4163 1221 4234 ἡ
1240 4163 1294 4235 μὲν
1311 4168 1458 4248 penpinap

313 4227 587 4378 ἔεκῖνοῗῖκῗὲμέἔέἑ
604 4251 655 4354 aia
673 4239 849 4359 babili&
870 4243 906 4368 i?
916 4255 983 4371 tlt
1002 4254 1051 4358 ll
1068 4251 1337 4372 briib‘2“ili{i’‡b
1348 4253 1381 4369 ἵζ’
1393 4251 1459 4369 a'a‘i’s

313 4369 475 4502 ungimine
494 4437 595 4488 eoloris
615 4437 719 4490 codicia
738 4441 862 4504 pertibus
881 4441 1016 4493 interdurn
1038 4441 1120 4492 otiam
1142 4439 1299 4490 coeruleum
1321 4443 1447 4506 apparet.
