3236 5086
331 419 422 472 xxv1

332 573 435 636 eadent
459 591 547 636 ιιιοιιιι
569 571 719 654 urlsortpta
740 581 820 634 aunt.
866 573 899 634 lu
923 569 1038 634 Ethiois
1060 571 1210 634 Eudemiis
1232 569 1327 633 bonae
1349 573 1475 634 auctori·

333 662 401 722 iatis
423 667 453 720 et
475 679 533 720 nun
565 657 653 719 niodo
682 659 712 719 in
735 658 850 735 Magnis
873 657 1048 725 tloralibus,
1077 659 1308 727 verumetiam,
1336 667 1368 719 ut
1394 667 1475 719 recte

332 744 473 806 iudicarit
500 741 712 820 Bouitzius⁵²j‚
745 745 774 804 in
804 742 916 803 Etlrlria
944 741 1150 804 Nicomeuheis
1181 751 1248 822 post
1275 744 1417 822 optimum
1446 753 1476 804 et

331 830 418 908 louge
441 829 681 907 antiquissimum
706 827 817 890 librum
840 825 882 888 111
906 828 1034 888 maxime
1061 835 1164 888 notatu
1193 827 1314 901 dignus.
1343 829 1375 888 tn
1399 827 1474 888 l'oli·

330 916 411 984 ticis,
428 916 458 975 tn
474 913 585 992 quibus
601 931 667 973 oum
685 931 739 992 per
754 913 852 993 priora
868 911 938 973 libri
955 912 1155 990 primicopiis
1172 931 1200 990 p.
1221 909 1429 974 1252-1255
1446 911 1473 981 Ιι,

329 1008 359 1060 et
381 1001 412 1059 tn
427 999 653 1066 Oeconomiris‚
677 1001 706 1058 in
729 997 840 1078 qrribus
861 1014 929 1058 eum
953 1015 1006 1076 per
1028 1015 1057 1076 p.
1076 993 1320 1058 lata-tutuo
1342 995 1475 1058 adhibuit

330 1083 499 1153 lleltlterus.
524 1082 610 1162 ritune
633 1081 706 1143 nihil
729 1083 799 1143 truie
822 1080 910 1142 auxili
933 1080 1012 1142 tulit:
1035 1082 1144 1142 iterum
1168 1099 1221 1158 nro
1245 1099 1292 1142 me
1315 1081 1474 1158 perlustra·

329 1178 434 1230 verunt
456 1189 485 1248 [ι.
504 1164 585 1230 1252
614 1177 644 1230 et
668 1165 780 1230 12532
804 1164 974 1228 Schoellius
1001 1173 1030 1227 et
1051 1185 1081 1246 p.
1099 1161 1181 1228 1253
1197 1162 1355 1228 1)-1254
1370 1185 1401 1235 ο,
1426 1165 1473 1228 17.

329 1253 472 1318 llolnlins.

414 1337 454 1400 llb
475 1367 518 1390 ==
541 1339 709 1402 Marcianus
732 1339 862 1398 Venetus
892 1356 908 1396 e
936 1333 1113 1396 bibliotheca
1137 1336 1167 1396 S.
1192 1335 1307 1396 loannis
1330 1345 1359 1396 et
1381 1335 1473 1407 Pauli,

328 1423 456 1503 arrpenrl.
475 1423 520 1492 lt’,
537 1423 567 1484 3.
592 1423 783 1492 chartaceus,
807 1423 857 1501 qui
873 1419 996 1482 Potitius
1019 1430 1049 1482 et
1064 1421 1259 1486 Oeconomico
1275 1421 1375 1494 otlert,
1397 1439 1474 1482 anuo

327 1507 492 1571 nituxutv
516 1509 627 1570 llnrrtae
649 1511 781 1585 scriptus
804 1516 857 1572 est.
903 1506 1055 1584 Luguntur
1077 1508 1156 1566 enim
1181 1505 1208 1564 in
1233 1504 1312 1566 caleo
1336 1505 1472 1567 Politian·

328 1611 394 1654 nuru
418 1591 548 1656 1.231”;
578 1589 671 1666 τέλος
693 1587 760 1654 οὐν
787 1591 857 1672 θεῷ
887 1586 983 1670 χάρις
1009 1591 1071 1650 τοῦ
1093 1586 1260 1668 παρόντος
1286 1588 1422 1668 βιβλίου
1445 1601 1475 1650 ot

328 1681 349 1738 i.
364 1675 454 1736 238¹:
480 1677 593 1756 Μιττγ
628 1672 684 1756 ’φη
707 1671 745 1738 τό
768 1669 879 1754 παρὸν
901 1673 1036 1754 βιβλίον
1060 1671 1099 1736 ἐν
1116 1668 1223 1754 ‘Peion
1246 1673 1401 1754 χιλιοστοί
1422 1693 1472 1734 τε-

327 1763 556 1836 τρακοσιοστῶ
606 1761 798 1839 νενηκοστῶ
827 1758 972 1839 τετάρτω
1000 1753 1106 1840 μηνὸς
1132 1757 1235 1836 μαῖον
1262 1749 1394 1838 εἰκοστὴ
1423 1779 1472 1820 τε·

327 1839 433 1924 ronan
457 1855 486 1904 ut
508 1847 536 1906 in
560 1844 641 1906 eolre
657 1845 926 1906 tlncnuomicorum
952 1845 971 1905 1.
986 1841 1074 1905 263r:
1099 1839 1193 1916 τέλος
1215 1836 1282 1908 odo
1295 1841 1368 1904 litui
1389 1837 1473 1923 ἀνίοι

329 1923 397 1988 τῶν
419 1926 645 2008 οἰκονομικῶν
657 1923 908 2007 Ἀριστοτέλους
930 1938 956 1990 et
982 1926 1111 1990 1.263”;
1135 1923 1412 2008 Μετεγριίφησαν
1433 1923 1473 2006 τί

329 2009 480 2086 παρόντα
495 2007 692 2092 οἰκονομικὰ
708 2007 748 2074 ἐν
758 2007 863 2094 ‘Polion
878 2013 919 2094 τῆ
939 2009 1016 2092 ἁγία
1033 2011 1188 2093 χιλιοστώ
1209 2013 1474 2091 τετρακοσιοστοῑ

330 2091 541 2178 ἑνενηκοστοί
564 2095 710 2178 τετάρτω
737 2093 843 2180 μηνὸς
863 2093 1005 2160 Ἰουνίου
1027 2097 1132 2178 τρίτη.
1178 2097 1219 2158 lix
1249 2097 1347 2176 aliquo
1370 2099 1473 2161 Bessa·

328 2181 422 2244 riouis
454 2184 590 2264 exemplo
623 2183 703 2246 lrunu
737 2181 848 2245 lilnum
883 2184 1063 2263 descriptum
1100 2201 1165 2244 esse
1199 2192 1279 2243 reete
1313 2184 1473 2244 verisimile.

329 2265 444 2328 ridetur
467 2267 628 2332 Sohoellio:
654 2278 751 2330 tamen
775 2267 847 2330 illud
872 2269 1023 2346 exemplet·
1045 2265 1188 2344 linquet]
1218 2267 1274 2328 tuit
1302 2285 1399 2344 neque
1420 2265 1472 2338 ill,

330 2353 420 2412 trumo
455 2355 581 2414 maxime
614 2353 753 2432 congruit
786 2351 825 2414 U¹³
858 2372 924 2414 uum
952 2350 1064 2427 lr⁵³).,
1090 2352 1208 2413 lienum
1238 2351 1366 2430 prodere
1394 2351 1472 2413 vitle-

329 2443 378 2494 tur
400 2435 515 2496 llotrdio
538 2446 588 2498 aut
610 2440 705 2516 ipsius
727 2437 843 2498 loannis
864 2437 954 2498 liliosi
978 2447 1029 2498 aut
1051 2435 1208 2497 admodum
1233 2435 1369 2497 similem.
1394 2437 1473 2498 llaro

330 2520 359 2576 in
383 2518 568 2594 marginibus
590 2521 696 2588 verita,
719 2539 794 2600 «luae
817 2523 1023 2598 praetermissa
1041 2529 1139 2589 eruut,
1164 2519 1298 2600 suppletu
1322 2529 1352 2581 et
1375 2524 1473 2582 variae

330 2599 474 2662 lectiones
496 2612 582 2684 atque
606 2605 723 2666 notulae
746 2605 905 2680 quaedam,
934 2605 1013 2666 uolut
1040 2605 1082 2684 σῇ
1111 2615 1140 2666 rt
1169 2605 1342 2684 partitiones
1364 2626 1386 2665 o
1407 2605 1429 2684 β
1452 2625 1473 2684 γ

330 2692 402 2753 oto„
426 2693 454 2746 et
476 2697 651 2764 argumenta
673 2691 819 2766 capitum.
849 2690 927 2752 velut
955 2687 1032 2769 περὶ
1054 2687 1280 2769 δικαστηρίων
1302 2698 1332 2750 ot
1353 2689 1472 2760 sinilia,

330 2769 442 2832 udieata
465 2780 534 2833 suut
556 2772 593 2833 ab
622 2776 686 2854 ipso
710 2773 840 2834 librario.
886 2775 967 2836 ldom
989 2778 1020 2836 in
1045 2777 1108 2853 ipso
1131 2793 1251 2855 «tuoque
1274 2783 1355 2836 textu
1379 2795 1472 2854 partun

330 2857 453 2915 mutavit
479 2865 510 2916 et
532 2859 626 2919 varias
648 2859 792 2920 lectiones
814 2858 864 2921 trin
887 2857 947 2920 illic
972 2862 1200 2940 superscripsit:
1235 2859 1289 2920 ulio
1315 2879 1384 2920 vero
1405 2881 1473 2921 uor-

330 2941 407 2999 rextt
440 2958 543 3000 nranus
575 2945 734 3006 recentior.
781 2942 1006 3006 Enuutiatorum
1037 2945 1122 3005 initia
1155 2943 1258 3004 eodem
1293 2943 1380 3006 modo
1413 2964 1473 3024 ιμιο

330 3024 361 3082 tu
384 3021 426 3083 l'fl
449 3024 598 3087 rulntcata
621 3038 704 3098 snut,
728 3029 799 3108 quin
815 3027 966 3108 complura
989 3031 1021 3089 iu
1043 3031 1088 3090 eis
1111 3029 1199 3090 verba
1223 3027 1272 3088 ltic
1296 3027 1358 3089 illio
1380 3029 1474 3090 rubro

331 3141 482 3218 nigrumrto
510 3152 579 3205 suut
605 3147 726 3226 scripta.
775 3144 893 3207 Titulus
922 3149 1094 3240 praeligitur
1121 3146 1184 3207 irio:
1212 3111 1473 3208 'Armoru-

331 3275 455 3338 Λονν
474 3260 743 3340 ιιονιτιιιιῖοι
764 3255 925 3342 uruAiA
941 3247 1033 3345 orl.
1055 3255 1252 3342 uranium
1265 3263 1471 3348 nmirum

331 3358 404 3421 Usus
426 3372 472 3424 est
494 3363 549 3424 ltoe
578 3364 682 3426 codiee
705 3363 855 3426 Boltlterus
882 3367 913 3426 in
940 3364 1145 3444 cornulurtbus
1168 3364 1311 3427 librorum
1336 3365 1472 3444 politico·

371 3633 442 3756 38οὔ)
460 3633 543 3684 Arist.
567 3633 682 3686 Studien
704 3633 741 3699 ll.
767 3651 793 3700 p.
812 3635 827 3684 8
847 3633 958 3698 (Cotum.
981 3634 1136 3701 phil-hist.
1160 3635 1237 3686 acad.
1258 3635 1376 3688 Vindob.
1395 3637 1470 3690 XLI.

329 3711 353 3758 p·
451 3716 490 3763 eq.
512 3717 537 3750 n.
558 3705 581 3752 1.

395 3767 438 3826 53)
459 3767 501 3816 ct.
522 3769 645 3834 inprimis
666 3772 730 3822 12⁶2
745 3771 770 3832 b,
791 3771 830 3820 tn.
850 3771 891 3824 26.
909 3772 950 3822 28.
971 3773 1034 3822 1253
1048 3787 1074 3832 a,
1091 3774 1113 3822 1.
1134 3773 1157 3820 5.
1177 3775 1247 3835 itaq.
1261 3774 1285 3825 9.
1307 3775 1347 3826 11.
1369 3775 1407 3824 12.
1429 3777 1470 3832 ts.

332 3831 370 3878 18,
390 3833 429 3880 36.
457 3835 484 3894 1ι,
503 3836 544 3884 20.
562 3839 603 3888 25.
626 3863 656 3874 -·
683 3837 737 3890 Ubi
767 3837 899 3888 meuserit
924 3839 1068 3903 exemplar
1094 3856 1110 3889 a
1133 3837 1277 3890 Theodoro
1300 3839 1377 3892 Gaza
1403 3843 1470 3892 seri·

329 3900 404 3958 ptum
423 3899 599 3964 llumphredo
617 3904 708 3956 Hodio
733 3905 785 3969 (De
805 3905 918 3956 Graecis
942 3905 1095 3957 illustribus
1118 3907 1229 3970 linguae
1250 3907 1374 3958 Graecae
1393 3909 1470 3962 litte·

329 3979 472 4044 rnrumqns
492 3967 677 4022 humaniorum
695 3973 951 4024 instaurationibus.
976 3974 1059 4024 Iuond.
1078 3972 1266 4027 muccxun.
1285 3991 1310 4040 p.
1329 3977 1373 4037 ott)
1396 3981 1469 4028 teate

329 4029 454 4082 Venatris
472 4042 641 4088 asservatum
659 4040 686 4089 in
706 4041 873 4092 bibliotheca
892 4041 919 4092 S.
933 4043 1036 4092 Antoni
1055 4059 1072 4092 a
1089 4042 1233 4092 Dominico
1245 4041 1389 4093 Cardinali
1407 4045 1470 4096 Gri-

328 4112 408 4179 mauu
427 4100 540 4153 condita
558 4102 606 4167 (el.
625 4105 748 4161 Oueksn.
767 4109 785 4159 l.
802 4107 820 4162 1.
839 4125 865 4174 p.
878 4111 936 4172 rut,
955 4109 1081 4175 equidem
1100 4111 1203 4164 neseio.
1241 4108 1345 4160 Contra
1363 4110 1471 4162 codicis

328 4165 394 4216 itali
418 4165 508 4218 adhuo
533 4170 620 4235 ignoti
642 4176 767 4226 notitiam
790 4177 856 4226 mihi
880 4179 989 4243 aperuit
1008 4176 1173 4228 Schoelliua.
1210 4177 1260 4227 Est
1278 4179 1302 4228 ia
1321 4177 1470 4232 Perusinus

326 4235 375 4314 tiit
395 4233 559 4287 chartaceus
571 4237 599 4289 8⁰
616 4241 728 4292 saeculo
746 4243 807 4292 XV⁰
823 4245 893 4295 satis
910 4243 1074 4308 diligenter,
1093 4251 1124 4294 ut
1142 4243 1264 4304 videtur,
1285 4245 1405 4312 scriptus
1417 4247 1470 4298 Po·

326 4300 406 4351 lrttca
434 4304 494 4354 sola
521 4307 679 4368 continens,
705 4311 752 4374 qui
777 4310 870 4376 plures
897 4317 1068 4362 eor-ractores
1091 4321 1119 4362 et
1146 4311 1326 4364 adnotatores
1352 4315 1469 4369 invenit.

326 4368 459 4422 &musio
478 4377 550 4422 teste
568 4372 706 4424 Sehoellio
725 4377 838 4440 ,sadum
858 4383 902 4429 est
919 4383 1002 4444 atque
1019 4377 1178 4430 italicorum
1201 4379 1365 4446 reliquorum
1385 4381 1470 4434 libro·

326 4451 384 4490 rom
402 4455 483 4490 mauu
500 4441 694 4510 scriptorum‘.
