<?xml version="1.0" encoding="UTF-8"?>
<!DOCTYPE html PUBLIC "-//W3C//DTD XHTML 1.0 Transitional//EN"
    "http://www.w3.org/TR/xhtml1/DTD/xhtml1-transitional.dtd">
<html xmlns="http://www.w3.org/1999/xhtml" xml:lang="en" lang="en">
 <head>
  <title>
</title>
<meta http-equiv="Content-Type" content="text/html;charset=utf-8" />
  <meta name='ocr-system' content='tesseract 3.04.00' />
  <meta name='ocr-capabilities' content='ocr_page ocr_carea ocr_par ocr_line ocrx_word'/>
</head>
<body>
  <div class='ocr_page' id='page_1' title='image "aristotelispoli00arisgoog_0042.png"; bbox 0 0 3236 5086; ppageno 0'>
   <div class='ocr_carea' id='block_1_1' title="bbox 1219 412 1321 465">
    <p class='ocr_par' dir='ltr' id='par_1_1' title="bbox 1219 412 1321 465">
     <span class='ocr_line' id='line_1_1' title="bbox 1219 412 1321 465; baseline 0.01 -1"><span class='ocrx_word' id='word_1_1' title='bbox 1219 412 1321 465; x_wconf 86' lang='lat' dir='ltr'>XXXV</span> 
     </span>
    </p>
   </div>
   <div class='ocr_carea' id='block_1_2' title="bbox 168 563 1319 2259">
    <p class='ocr_par' dir='ltr' id='par_1_2' title="bbox 168 563 1319 2259">
     <span class='ocr_line' id='line_1_2' title="bbox 172 563 1319 648; baseline 0.002 -20"><span class='ocrx_word' id='word_1_2' title='bbox 172 566 430 644; x_wconf 75' lang='lat' dir='ltr'><strong>emendationibus</strong></span> <span class='ocrx_word' id='word_1_3' title='bbox 453 585 541 646; x_wconf 78' lang='lat' dir='ltr'><strong>aegro</strong></span> <span class='ocrx_word' id='word_1_4' title='bbox 563 569 680 648; x_wconf 88' lang='lat' dir='ltr'><strong>saepius</strong></span> <span class='ocrx_word' id='word_1_5' title='bbox 704 567 839 648; x_wconf 25' lang='lat' dir='ltr'><strong>*discerni</strong></span> <span class='ocrx_word' id='word_1_6' title='bbox 866 563 1009 647; x_wconf 72' lang='lat' dir='ltr'><strong>quescit).</strong></span> <span class='ocrx_word' id='word_1_7' title='bbox 1056 565 1139 630; x_wconf 83' lang='lat' dir='ltr'><strong>Unde</strong></span> <span class='ocrx_word' id='word_1_8' title='bbox 1167 565 1319 630; x_wconf 86' lang='lat' dir='ltr'><strong>librarium</strong></span> 
     </span>
     <span class='ocr_line' id='line_1_3' title="bbox 172 652 1319 735; baseline 0.001 -23"><span class='ocrx_word' id='word_1_9' title='bbox 172 662 343 715; x_wconf 84' lang='lat' dir='ltr'><strong>correctore</strong></span> <span class='ocrx_word' id='word_1_10' title='bbox 367 671 426 714; x_wconf 90' lang='lat' dir='ltr'><strong>non</strong></span> <span class='ocrx_word' id='word_1_11' title='bbox 451 652 542 714; x_wconf 91' lang='lat' dir='ltr'><strong>multo</strong></span> <span class='ocrx_word' id='word_1_12' title='bbox 570 655 699 735; x_wconf 80' lang='lat' dir='ltr'><strong>priorem</strong></span> <span class='ocrx_word' id='word_1_13' title='bbox 728 660 823 714; x_wconf 87' lang='lat' dir='ltr'><strong>aetate</strong></span> <span class='ocrx_word' id='word_1_14' title='bbox 852 653 944 713; x_wconf 87' lang='lat' dir='ltr'><strong>inisse</strong></span> <span class='ocrx_word' id='word_1_15' title='bbox 973 661 1003 714; x_wconf 86' lang='lat' dir='ltr'><strong>et</strong></span> <span class='ocrx_word' id='word_1_16' title='bbox 1030 654 1164 714; x_wconf 84' lang='lat' dir='ltr'><strong>codicem</strong></span> <span class='ocrx_word' id='word_1_17' title='bbox 1192 663 1319 714; x_wconf 83' lang='lat' dir='ltr'><strong>exeunte</strong></span> 
     </span>
     <span class='ocr_line' id='line_1_4' title="bbox 172 737 1319 817; baseline 0.002 -19"><span class='ocrx_word' id='word_1_18' title='bbox 172 739 379 816; x_wconf 75' lang='lat' dir='ltr'><strong>potiusquam</strong></span> <span class='ocrx_word' id='word_1_19' title='bbox 402 740 525 800; x_wconf 88' lang='lat' dir='ltr'><strong>ineunte</strong></span> <span class='ocrx_word' id='word_1_20' title='bbox 547 737 664 802; x_wconf 89' lang='lat' dir='ltr'><strong>saeculo</strong></span> <span class='ocrx_word' id='word_1_21' title='bbox 688 737 765 799; x_wconf 80' lang='grc' dir='ltr'><strong>11111ο</strong></span> <span class='ocrx_word' id='word_1_22' title='bbox 787 740 932 816; x_wconf 88' lang='lat' dir='ltr'><strong>scriptum</strong></span> <span class='ocrx_word' id='word_1_23' title='bbox 955 755 1020 800; x_wconf 89' lang='lat' dir='ltr'><strong>esse</strong></span> <span class='ocrx_word' id='word_1_24' title='bbox 1043 737 1240 817; x_wconf 76' lang='lat' dir='ltr'><strong>colligendum</strong></span> <span class='ocrx_word' id='word_1_25' title='bbox 1264 745 1319 800; x_wconf 87' lang='lat' dir='ltr'><strong>est.</strong></span> 
     </span>
     <span class='ocr_line' id='line_1_5' title="bbox 172 817 1319 903; baseline -0.001 -19"><span class='ocrx_word' id='word_1_26' title='bbox 172 817 374 884; x_wconf 78' lang='lat' dir='ltr'><strong>Nihilominus</strong></span> <span class='ocrx_word' id='word_1_27' title='bbox 395 825 526 884; x_wconf 86' lang='lat' dir='ltr'><strong>omnium</strong></span> <span class='ocrx_word' id='word_1_28' title='bbox 557 821 701 885; x_wconf 84' lang='lat' dir='ltr'><strong>librorum</strong></span> <span class='ocrx_word' id='word_1_29' title='bbox 731 821 1031 884; x_wconf 85' lang='lat' dir='ltr'><strong>mihi-adhibitorum</strong></span> <span class='ocrx_word' id='word_1_30' title='bbox 1060 822 1147 900; x_wconf 84' lang='lat' dir='ltr'><strong>longe</strong></span> <span class='ocrx_word' id='word_1_31' title='bbox 1176 832 1220 884; x_wconf 85' lang='lat' dir='ltr'><strong>cst</strong></span> <span class='ocrx_word' id='word_1_32' title='bbox 1243 824 1319 903; x_wconf 87' lang='lat' dir='ltr'><strong>opti-</strong></span> 
     </span>
     <span class='ocr_line' id='line_1_6' title="bbox 172 906 1317 993; baseline -0.002 -25"><span class='ocrx_word' id='word_1_33' title='bbox 172 925 254 976; x_wconf 88' lang='lat' dir='ltr'><strong>mus,</strong></span> <span class='ocrx_word' id='word_1_34' title='bbox 278 909 434 986; x_wconf 85' lang='lat' dir='ltr'><strong>queniam,</strong></span> <span class='ocrx_word' id='word_1_35' title='bbox 464 908 519 968; x_wconf 88' lang='lat' dir='ltr'><strong>etsi</strong></span> <span class='ocrx_word' id='word_1_36' title='bbox 542 909 650 993; x_wconf 71' lang='lat' dir='ltr'><strong>ceteris</strong></span> <span class='ocrx_word' id='word_1_37' title='bbox 671 927 731 968; x_wconf 92' lang='lat' dir='ltr'><strong>non</strong></span> <span class='ocrx_word' id='word_1_38' title='bbox 755 909 852 970; x_wconf 87' lang='lat' dir='ltr'><strong>rarius</strong></span> <span class='ocrx_word' id='word_1_39' title='bbox 874 919 991 986; x_wconf 88' lang='lat' dir='ltr'><strong>peccat,</strong></span> <span class='ocrx_word' id='word_1_40' title='bbox 1022 916 1119 969; x_wconf 91' lang='lat' dir='ltr'><strong>tamen</strong></span> <span class='ocrx_word' id='word_1_41' title='bbox 1144 906 1229 985; x_wconf 83' lang='lat' dir='ltr'><strong>iorrge</strong></span> <span class='ocrx_word' id='word_1_42' title='bbox 1253 925 1317 969; x_wconf 88' lang='lat' dir='ltr'><strong>sae·</strong></span> 
     </span>
     <span class='ocr_line' id='line_1_7' title="bbox 172 990 1318 1072; baseline 0 -20"><span class='ocrx_word' id='word_1_43' title='bbox 172 993 238 1069; x_wconf 87' lang='lat' dir='ltr'><strong>pius</strong></span> <span class='ocrx_word' id='word_1_44' title='bbox 265 1010 353 1071; x_wconf 89' lang='lat' dir='ltr'><strong>quam</strong></span> <span class='ocrx_word' id='word_1_45' title='bbox 383 993 457 1052; x_wconf 85' lang='lat' dir='ltr'><strong>alius</strong></span> <span class='ocrx_word' id='word_1_46' title='bbox 485 994 553 1071; x_wconf 88' lang='lat' dir='ltr'><strong>quis</strong></span> <span class='ocrx_word' id='word_1_47' title='bbox 583 1009 684 1054; x_wconf 87' lang='lat' dir='ltr'><strong>verum</strong></span> <span class='ocrx_word' id='word_1_48' title='bbox 706 993 832 1054; x_wconf 76' lang='lat' dir='ltr'><strong>retinuit</strong></span> <span class='ocrx_word' id='word_1_49' title='bbox 855 990 952 1054; x_wconf 86' lang='lat' dir='ltr'><strong>solus:</strong></span> <span class='ocrx_word' id='word_1_50' title='bbox 984 992 1012 1053; x_wconf 84' lang='lat' dir='ltr'><strong>it</strong></span> <span class='ocrx_word' id='word_1_51' title='bbox 1036 992 1112 1072; x_wconf 86' lang='lat' dir='ltr'><strong>qnod</strong></span> <span class='ocrx_word' id='word_1_52' title='bbox 1137 1009 1194 1054; x_wconf 90' lang='lat' dir='ltr'><strong>nnn</strong></span> <span class='ocrx_word' id='word_1_53' title='bbox 1225 992 1318 1070; x_wconf 67' lang='lat' dir='ltr'><strong>magis</strong></span> 
     </span>
     <span class='ocr_line' id='line_1_8' title="bbox 170 1075 1314 1157; baseline -0.003 -20"><span class='ocrx_word' id='word_1_54' title='bbox 170 1076 208 1137; x_wconf 89' lang='lat' dir='ltr'><strong>de</strong></span> <span class='ocrx_word' id='word_1_55' title='bbox 231 1079 336 1155; x_wconf 87' lang='lat' dir='ltr'><strong>primis</strong></span> <span class='ocrx_word' id='word_1_56' title='bbox 357 1075 537 1138; x_wconf 85' lang='lat' dir='ltr'><strong>lectionibus</strong></span> <span class='ocrx_word' id='word_1_57' title='bbox 560 1077 635 1138; x_wconf 84' lang='lat' dir='ltr'><strong>valet</strong></span> <span class='ocrx_word' id='word_1_58' title='bbox 656 1095 743 1157; x_wconf 88' lang='lat' dir='ltr'><strong>quam</strong></span> <span class='ocrx_word' id='word_1_59' title='bbox 760 1077 797 1138; x_wconf 88' lang='lat' dir='ltr'><strong>de</strong></span> <span class='ocrx_word' id='word_1_60' title='bbox 813 1075 1064 1146; x_wconf 88' lang='lat' dir='ltr'><strong>correctionibus,</strong></span> <span class='ocrx_word' id='word_1_61' title='bbox 1089 1087 1121 1138; x_wconf 89' lang='lat' dir='ltr'><strong>ut</strong></span> <span class='ocrx_word' id='word_1_62' title='bbox 1135 1095 1211 1156; x_wconf 87' lang='lat' dir='ltr'><strong>quae</strong></span> <span class='ocrx_word' id='word_1_63' title='bbox 1227 1075 1314 1140; x_wconf 85' lang='lat' dir='ltr'><strong>ruodo</strong></span> 
     </span>
     <span class='ocr_line' id='line_1_9' title="bbox 171 1159 1318 1230; baseline 0.003 -11"><span class='ocrx_word' id='word_1_64' title='bbox 171 1161 277 1222; x_wconf 86' lang='lat' dir='ltr'><strong>laisum</strong></span> <span class='ocrx_word' id='word_1_65' title='bbox 298 1180 366 1222; x_wconf 91' lang='lat' dir='ltr'><strong>cum</strong></span> <span class='ocrx_word' id='word_1_66' title='bbox 390 1179 460 1222; x_wconf 84' lang='lat' dir='ltr'><strong>vero</strong></span> <span class='ocrx_word' id='word_1_67' title='bbox 483 1160 570 1224; x_wconf 89' lang='lat' dir='ltr'><strong>modo</strong></span> <span class='ocrx_word' id='word_1_68' title='bbox 595 1181 696 1224; x_wconf 90' lang='lat' dir='ltr'><strong>verum</strong></span> <span class='ocrx_word' id='word_1_69' title='bbox 718 1179 786 1224; x_wconf 90' lang='lat' dir='ltr'><strong>cum</strong></span> <span class='ocrx_word' id='word_1_70' title='bbox 811 1161 884 1223; x_wconf 84' lang='lat' dir='ltr'><strong>laiso</strong></span> <span class='ocrx_word' id='word_1_71' title='bbox 904 1161 1165 1230; x_wconf 71' lang='lat' dir='ltr'><strong>commutaverint,</strong></span> <span class='ocrx_word' id='word_1_72' title='bbox 1189 1169 1218 1223; x_wconf 88' lang='lat' dir='ltr'><strong>et</strong></span> <span class='ocrx_word' id='word_1_73' title='bbox 1240 1159 1318 1223; x_wconf 84' lang='lat' dir='ltr'><strong>vaie-</strong></span> 
     </span>
     <span class='ocr_line' id='line_1_10' title="bbox 171 1245 1318 1327; baseline 0 -21"><span class='ocrx_word' id='word_1_74' title='bbox 171 1255 218 1307; x_wconf 87' lang='lat' dir='ltr'><strong>ret</strong></span> <span class='ocrx_word' id='word_1_75' title='bbox 239 1247 326 1308; x_wconf 85' lang='lat' dir='ltr'><strong>etiam</strong></span> <span class='ocrx_word' id='word_1_76' title='bbox 348 1248 481 1327; x_wconf 85' lang='lat' dir='ltr'><strong>saepius,</strong></span> <span class='ocrx_word' id='word_1_77' title='bbox 505 1246 564 1306; x_wconf 88' lang='lat' dir='ltr'><strong>nisi</strong></span> <span class='ocrx_word' id='word_1_78' title='bbox 586 1247 635 1307; x_wconf 83' lang='lat' dir='ltr'><strong>trio</strong></span> <span class='ocrx_word' id='word_1_79' title='bbox 657 1245 715 1308; x_wconf 89' lang='lat' dir='ltr'><strong>illic</strong></span> <span class='ocrx_word' id='word_1_80' title='bbox 745 1249 775 1308; x_wconf 93' lang='lat' dir='ltr'><strong>in</strong></span> <span class='ocrx_word' id='word_1_81' title='bbox 797 1247 874 1310; x_wconf 86' lang='lat' dir='ltr'><strong>blm</strong></span> <span class='ocrx_word' id='word_1_82' title='bbox 897 1245 1049 1308; x_wconf 82' lang='lat' dir='ltr'>codicibus</span> <span class='ocrx_word' id='word_1_83' title='bbox 1072 1254 1102 1308; x_wconf 90' lang='lat' dir='ltr'><strong>et</strong></span> <span class='ocrx_word' id='word_1_84' title='bbox 1122 1249 1222 1308; x_wconf 89' lang='lat' dir='ltr'><strong>rarius</strong></span> <span class='ocrx_word' id='word_1_85' title='bbox 1244 1248 1272 1308; x_wconf 89' lang='lat' dir='ltr'><strong>in</strong></span> <span class='ocrx_word' id='word_1_86' title='bbox 1295 1246 1318 1306; x_wconf 79' lang='lat' dir='ltr'>k</span> 
     </span>
     <span class='ocr_line' id='line_1_11' title="bbox 171 1329 1317 1412; baseline 0.002 -22"><span class='ocrx_word' id='word_1_87' title='bbox 171 1330 295 1392; x_wconf 86' lang='lat' dir='ltr'><strong>earrdem</strong></span> <span class='ocrx_word' id='word_1_88' title='bbox 319 1349 406 1411; x_wconf 91' lang='lat' dir='ltr'><strong>quam</strong></span> <span class='ocrx_word' id='word_1_89' title='bbox 431 1349 451 1393; x_wconf 85' lang='lat' dir='ltr'><strong>a</strong></span> <span class='ocrx_word' id='word_1_90' title='bbox 472 1333 559 1392; x_wconf 86' lang='lat' dir='ltr'><strong>ollert</strong></span> <span class='ocrx_word' id='word_1_91' title='bbox 580 1329 738 1392; x_wconf 87' lang='lat' dir='ltr'><strong>lectionem</strong></span> <span class='ocrx_word' id='word_1_92' title='bbox 760 1341 813 1394; x_wconf 92' lang='lat' dir='ltr'><strong>aut</strong></span> <span class='ocrx_word' id='word_1_93' title='bbox 840 1332 1038 1393; x_wconf 79' lang='lat' dir='ltr'><strong>restituissent</strong></span> <span class='ocrx_word' id='word_1_94' title='bbox 1064 1339 1114 1393; x_wconf 90' lang='lat' dir='ltr'><strong>aut</strong></span> <span class='ocrx_word' id='word_1_95' title='bbox 1142 1331 1317 1412; x_wconf 87' lang='lat' dir='ltr'><strong>adscripsis-</strong></span> 
     </span>
     <span class='ocr_line' id='line_1_12' title="bbox 171 1414 1316 1478; baseline 0 -2"><span class='ocrx_word' id='word_1_96' title='bbox 171 1425 239 1476; x_wconf 88' lang='lat' dir='ltr'><strong>sent</strong></span> <span class='ocrx_word' id='word_1_97' title='bbox 267 1418 449 1478; x_wconf 83' lang='lat' dir='ltr'><strong>recentiores</strong></span> <span class='ocrx_word' id='word_1_98' title='bbox 478 1433 590 1478; x_wconf 86' lang='lat' dir='ltr'><strong>manns.</strong></span> <span class='ocrx_word' id='word_1_99' title='bbox 635 1416 813 1478; x_wconf 87' lang='lat' dir='ltr'><strong>llutatiunes</strong></span> <span class='ocrx_word' id='word_1_100' title='bbox 842 1425 873 1477; x_wconf 88' lang='lat' dir='ltr'><strong>et</strong></span> <span class='ocrx_word' id='word_1_101' title='bbox 901 1417 996 1478; x_wconf 89' lang='lat' dir='ltr'><strong>varias</strong></span> <span class='ocrx_word' id='word_1_102' title='bbox 1023 1414 1167 1478; x_wconf 86' lang='lat' dir='ltr'><strong>lectiones</strong></span> <span class='ocrx_word' id='word_1_103' title='bbox 1195 1435 1230 1477; x_wconf 81' lang='lat' dir='ltr'><strong>er</strong></span> <span class='ocrx_word' id='word_1_104' title='bbox 1259 1415 1316 1477; x_wconf 89' lang='lat' dir='ltr'><strong>alio</strong></span> 
     </span>
     <span class='ocr_line' id='line_1_13' title="bbox 170 1499 1315 1582; baseline 0.002 -22"><span class='ocrx_word' id='word_1_105' title='bbox 170 1499 275 1562; x_wconf 88' lang='lat' dir='ltr'><strong>codice</strong></span> <span class='ocrx_word' id='word_1_106' title='bbox 309 1519 373 1560; x_wconf 89' lang='lat' dir='ltr'><strong>esse</strong></span> <span class='ocrx_word' id='word_1_107' title='bbox 406 1502 598 1582; x_wconf 87' lang='lat' dir='ltr'><strong>depromptas</strong></span> <span class='ocrx_word' id='word_1_108' title='bbox 624 1502 741 1581; x_wconf 86' lang='lat' dir='ltr'><strong>saepius</strong></span> <span class='ocrx_word' id='word_1_109' title='bbox 773 1503 836 1578; x_wconf 88' lang='lat' dir='ltr'><strong>ipse</strong></span> <span class='ocrx_word' id='word_1_110' title='bbox 865 1501 1015 1562; x_wconf 77' lang='lat' dir='ltr'><strong>adnotavit</strong></span> <span class='ocrx_word' id='word_1_111' title='bbox 1042 1509 1193 1562; x_wconf 88' lang='lat' dir='ltr'><strong>corrector</strong></span> <span class='ocrx_word' id='word_1_112' title='bbox 1226 1509 1315 1581; x_wconf 86' lang='lat' dir='ltr'><strong>atque</strong></span> 
     </span>
     <span class='ocr_line' id='line_1_14' title="bbox 170 1584 1314 1666; baseline -0.002 -20"><span class='ocrx_word' id='word_1_113' title='bbox 170 1602 260 1664; x_wconf 86' lang='lat' dir='ltr'><strong>super</strong></span> <span class='ocrx_word' id='word_1_114' title='bbox 284 1584 387 1653; x_wconf 87' lang='lat' dir='ltr'><strong>rerba,</strong></span> <span class='ocrx_word' id='word_1_115' title='bbox 410 1605 487 1665; x_wconf 89' lang='lat' dir='ltr'><strong>quae</strong></span> <span class='ocrx_word' id='word_1_116' title='bbox 510 1589 540 1646; x_wconf 92' lang='lat' dir='ltr'><strong>in</strong></span> <span class='ocrx_word' id='word_1_117' title='bbox 564 1605 600 1647; x_wconf 94' lang='lat' dir='ltr'><strong>eo</strong></span> <span class='ocrx_word' id='word_1_118' title='bbox 622 1604 681 1647; x_wconf 86' lang='lat' dir='ltr'><strong>non</strong></span> <span class='ocrx_word' id='word_1_119' title='bbox 704 1587 829 1653; x_wconf 80' lang='lat' dir='ltr'><strong>invenit,</strong></span> <span class='ocrx_word' id='word_1_120' title='bbox 853 1605 869 1646; x_wconf 89' lang='lat' dir='ltr'><strong>a</strong></span> <span class='ocrx_word' id='word_1_121' title='bbox 893 1585 1014 1647; x_wconf 86' lang='lat' dir='ltr'><strong>librario</strong></span> <span class='ocrx_word' id='word_1_122' title='bbox 1038 1597 1156 1666; x_wconf 88' lang='lat' dir='ltr'><strong>recepta</strong></span> <span class='ocrx_word' id='word_1_123' title='bbox 1180 1585 1314 1666; x_wconf 77' lang='lat' dir='ltr'><strong>scripsit:</strong></span> 
     </span>
     <span class='ocr_line' id='line_1_15' title="bbox 169 1667 1317 1750; baseline -0.001 -19"><span class='ocrx_word' id='word_1_124' title='bbox 169 1679 268 1731; x_wconf 77' lang='lat' dir='ltr'><strong>aaron</strong></span> <span class='ocrx_word' id='word_1_125' title='bbox 292 1668 381 1730; x_wconf 88' lang='lat' dir='ltr'><strong>Valde</strong></span> <span class='ocrx_word' id='word_1_126' title='bbox 397 1680 494 1731; x_wconf 85' lang='lat' dir='ltr'><strong>aotam</strong></span> <span class='ocrx_word' id='word_1_127' title='bbox 511 1669 712 1732; x_wconf 83' lang='lat' dir='ltr'><strong>memorabilis</strong></span> <span class='ocrx_word' id='word_1_128' title='bbox 733 1681 778 1732; x_wconf 89' lang='lat' dir='ltr'><strong>est</strong></span> <span class='ocrx_word' id='word_1_129' title='bbox 802 1670 858 1739; x_wconf 88' lang='lat' dir='ltr'><strong>ill,</strong></span> <span class='ocrx_word' id='word_1_130' title='bbox 884 1668 933 1732; x_wconf 86' lang='lat' dir='ltr'><strong>lt.</strong></span> <span class='ocrx_word' id='word_1_131' title='bbox 952 1667 1032 1732; x_wconf 89' lang='grc'><strong>1288</strong></span> <span class='ocrx_word' id='word_1_132' title='bbox 1048 1688 1079 1736; x_wconf 90' lang='lat' dir='ltr'><strong>a.</strong></span> <span class='ocrx_word' id='word_1_133' title='bbox 1099 1669 1137 1732; x_wconf 85' lang='lat'><strong>15</strong></span> <span class='ocrx_word' id='word_1_134' title='bbox 1153 1668 1193 1750; x_wconf 83' lang='lat' dir='ltr'><strong>(p.</strong></span> <span class='ocrx_word' id='word_1_135' title='bbox 1209 1667 1281 1740; x_wconf 79' lang='grc'><strong>235,</strong></span> <span class='ocrx_word' id='word_1_136' title='bbox 1296 1667 1317 1730; x_wconf 92' lang='grc'><strong>2</strong></span> 
     </span>
     <span class='ocr_line' id='line_1_16' title="bbox 169 1754 1316 1836; baseline 0.002 -22"><span class='ocrx_word' id='word_1_137' title='bbox 169 1754 216 1814; x_wconf 84' lang='lat' dir='ltr'><strong>etl.</strong></span> <span class='ocrx_word' id='word_1_138' title='bbox 229 1755 321 1832; x_wconf 84' lang='lat' dir='ltr'><strong>meac)</strong></span> <span class='ocrx_word' id='word_1_139' title='bbox 339 1763 417 1824; x_wconf 90' lang='lat' dir='ltr'><strong>nota,</strong></span> <span class='ocrx_word' id='word_1_140' title='bbox 433 1775 490 1836; x_wconf 88' lang='lat' dir='ltr'><strong>qua</strong></span> <span class='ocrx_word' id='word_1_141' title='bbox 507 1766 659 1819; x_wconf 87' lang='lat' dir='ltr'><strong>corrector</strong></span> <span class='ocrx_word' id='word_1_142' title='bbox 673 1758 769 1836; x_wconf 87' lang='lat' dir='ltr'><strong>ipsum</strong></span> <span class='ocrx_word' id='word_1_143' title='bbox 782 1754 962 1818; x_wconf 86' lang='lat' dir='ltr'><strong>Guilelmum</strong></span> <span class='ocrx_word' id='word_1_144' title='bbox 980 1754 1164 1817; x_wconf 87' lang='lat' dir='ltr'><strong>translationi</strong></span> <span class='ocrx_word' id='word_1_145' title='bbox 1179 1772 1249 1818; x_wconf 87' lang='lat' dir='ltr'><strong>suae</strong></span> <span class='ocrx_word' id='word_1_146' title='bbox 1266 1757 1316 1816; x_wconf 92' lang='lat' dir='ltr'><strong>ad·</strong></span> 
     </span>
     <span class='ocr_line' id='line_1_17' title="bbox 169 1838 1316 1920; baseline 0.001 -20"><span class='ocrx_word' id='word_1_147' title='bbox 169 1841 338 1900; x_wconf 88' lang='lat' dir='ltr'><strong>notationes</strong></span> <span class='ocrx_word' id='word_1_148' title='bbox 354 1838 468 1917; x_wconf 86' lang='lat' dir='ltr'><strong>aliquas</strong></span> <span class='ocrx_word' id='word_1_149' title='bbox 480 1838 630 1902; x_wconf 83' lang='lat' dir='ltr'><strong>addidisse</strong></span> <span class='ocrx_word' id='word_1_150' title='bbox 642 1841 807 1911; x_wconf 81' lang='lat' dir='ltr'><strong>confirmat,</strong></span> <span class='ocrx_word' id='word_1_151' title='bbox 820 1843 851 1902; x_wconf 91' lang='lat' dir='ltr'><strong>in</strong></span> <span class='ocrx_word' id='word_1_152' title='bbox 866 1839 1022 1920; x_wconf 81' lang='lat' dir='ltr'><strong>quibusda</strong></span> <span class='ocrx_word' id='word_1_153' title='bbox 1038 1839 1215 1902; x_wconf 79' lang='lat' dir='ltr'><strong>lectionibus</strong></span> <span class='ocrx_word' id='word_1_154' title='bbox 1225 1840 1316 1902; x_wconf 87' lang='lat' dir='ltr'><strong>Grae·</strong></span> 
     </span>
     <span class='ocr_line' id='line_1_18' title="bbox 168 1919 1314 2005; baseline 0.003 -21"><span class='ocrx_word' id='word_1_155' title='bbox 168 1925 213 1984; x_wconf 89' lang='lat' dir='ltr'><strong>cis</strong></span> <span class='ocrx_word' id='word_1_156' title='bbox 224 1933 336 2002; x_wconf 83' lang='lat' dir='ltr'><strong>ageret.</strong></span> <span class='ocrx_word' id='word_1_157' title='bbox 350 1923 428 1986; x_wconf 88' lang='lat' dir='ltr'><strong>velut</strong></span> <span class='ocrx_word' id='word_1_158' title='bbox 441 1925 497 1985; x_wconf 85' lang='lat' dir='ltr'><strong>troc</strong></span> <span class='ocrx_word' id='word_1_159' title='bbox 509 1925 574 1986; x_wconf 89' lang='lat' dir='ltr'><strong>ioco</strong></span> <span class='ocrx_word' id='word_1_160' title='bbox 586 1927 734 1986; x_wconf 88' lang='lat' dir='ltr'><strong>inventam</strong></span> <span class='ocrx_word' id='word_1_161' title='bbox 751 1926 806 1987; x_wconf 84' lang='lat' dir='ltr'><strong>sibi</strong></span> <span class='ocrx_word' id='word_1_162' title='bbox 823 1944 888 1987; x_wconf 88' lang='lat' dir='ltr'><strong>esse</strong></span> <span class='ocrx_word' id='word_1_163' title='bbox 904 1943 959 2005; x_wconf 85' lang='lat' dir='ltr'><strong>pro</strong></span> <span class='ocrx_word' id='word_1_164' title='bbox 973 1919 1133 2004; x_wconf 77' lang='grc' dir='ltr'><strong><em>εὐπόροις</em></strong></span> <span class='ocrx_word' id='word_1_165' title='bbox 1148 1924 1314 1994; x_wconf 89' lang='lat' dir='ltr'><strong>lectionem.</strong></span> 
     </span>
     <span class='ocr_line' id='line_1_19' title="bbox 168 2004 1317 2090; baseline 0.002 -22"><span class='ocrx_word' id='word_1_166' title='bbox 168 2027 246 2088; x_wconf 89' lang='lat' dir='ltr'><strong>qnae</strong></span> <span class='ocrx_word' id='word_1_167' title='bbox 269 2006 401 2087; x_wconf 83' lang='lat' dir='ltr'><strong>vulgatae</strong></span> <span class='ocrx_word' id='word_1_168' title='bbox 424 2018 470 2069; x_wconf 85' lang='lat' dir='ltr'><strong>est</strong></span> <span class='ocrx_word' id='word_1_169' title='bbox 493 2011 691 2078; x_wconf 71' lang='lat' dir='ltr'><strong>recensionis.</strong></span> <span class='ocrx_word' id='word_1_170' title='bbox 721 2004 860 2088; x_wconf 79' lang='grc' dir='ltr'><strong><em>ἀπόροις</em></strong></span> <span class='ocrx_word' id='word_1_171' title='bbox 882 2009 1037 2071; x_wconf 85' lang='lat' dir='ltr'><strong>rettulerat</strong></span> <span class='ocrx_word' id='word_1_172' title='bbox 1059 2011 1216 2090; x_wconf 83' lang='lat' dir='ltr'><strong>interpres.</strong></span> <span class='ocrx_word' id='word_1_173' title='bbox 1260 2015 1317 2071; x_wconf 79' lang='lat' dir='ltr'><strong>Artt</strong></span> 
     </span>
     <span class='ocr_line' id='line_1_20' title="bbox 169 2092 1316 2173; baseline 0.002 -20"><span class='ocrx_word' id='word_1_174' title='bbox 169 2095 261 2170; x_wconf 81' lang='lat' dir='ltr'><strong>igitur</strong></span> <span class='ocrx_word' id='word_1_175' title='bbox 283 2095 313 2154; x_wconf 88' lang='lat' dir='ltr'><strong>io</strong></span> <span class='ocrx_word' id='word_1_176' title='bbox 337 2092 369 2154; x_wconf 87' lang='grc' dir='ltr'>Γ</span> <span class='ocrx_word' id='word_1_177' title='bbox 386 2094 435 2154; x_wconf 88' lang='lat' dir='ltr'><strong>tric</strong></span> <span class='ocrx_word' id='word_1_178' title='bbox 458 2093 517 2155; x_wconf 88' lang='lat' dir='ltr'><strong>illic</strong></span> <span class='ocrx_word' id='word_1_179' title='bbox 540 2096 705 2173; x_wconf 83' lang='lat' dir='ltr'><strong>adscriptae</strong></span> <span class='ocrx_word' id='word_1_180' title='bbox 728 2103 813 2156; x_wconf 90' lang='lat' dir='ltr'><strong>erant</strong></span> <span class='ocrx_word' id='word_1_181' title='bbox 835 2097 931 2164; x_wconf 85' lang='lat' dir='ltr'><strong>variae</strong></span> <span class='ocrx_word' id='word_1_182' title='bbox 960 2093 1103 2156; x_wconf 79' lang='lat' dir='ltr'><strong>lectiones</strong></span> <span class='ocrx_word' id='word_1_183' title='bbox 1125 2105 1176 2156; x_wconf 90' lang='lat' dir='ltr'><strong>aut</strong></span> <span class='ocrx_word' id='word_1_184' title='bbox 1198 2103 1316 2172; x_wconf 83' lang='lat' dir='ltr'><strong>praeter</strong></span> 
     </span>
     <span class='ocr_line' id='line_1_21' title="bbox 169 2176 1315 2259; baseline 0.002 -21"><span class='ocrx_word' id='word_1_185' title='bbox 169 2176 271 2238; x_wconf 76' lang='lat' dir='ltr'><strong>strio</strong></span> <span class='ocrx_word' id='word_1_186' title='bbox 294 2177 354 2238; x_wconf 88' lang='lat' dir='ltr'><strong>illic</strong></span> <span class='ocrx_word' id='word_1_187' title='bbox 377 2180 464 2240; x_wconf 81' lang='lat' dir='ltr'><strong>etiam</strong></span> <span class='ocrx_word' id='word_1_188' title='bbox 487 2180 576 2241; x_wconf 88' lang='lat' dir='ltr'><strong>alium</strong></span> <span class='ocrx_word' id='word_1_189' title='bbox 599 2181 731 2241; x_wconf 87' lang='lat' dir='ltr'><strong>codicem</strong></span> <span class='ocrx_word' id='word_1_190' title='bbox 754 2177 800 2239; x_wconf 88' lang='lat' dir='ltr'><strong>vel</strong></span> <span class='ocrx_word' id='word_1_191' title='bbox 816 2178 916 2259; x_wconf 79' lang='lat' dir='ltr'><strong>piures</strong></span> <span class='ocrx_word' id='word_1_192' title='bbox 931 2179 1004 2240; x_wconf 90' lang='lat' dir='ltr'><strong>alios</strong></span> <span class='ocrx_word' id='word_1_193' title='bbox 1024 2181 1203 2259; x_wconf 85' lang='lat' dir='ltr'><strong>inspexerat.</strong></span> <span class='ocrx_word' id='word_1_194' title='bbox 1227 2180 1315 2240; x_wconf 89' lang='lat' dir='ltr'><strong>istae·</strong></span> 
     </span>
    </p>
   </div>
   <div class='ocr_carea' id='block_1_3' title="bbox 65 2263 1316 2340">
    <p class='ocr_par' dir='ltr' id='par_1_3' title="bbox 65 2263 1316 2340">
     <span class='ocr_line' id='line_1_22' title="bbox 65 2263 1316 2340; baseline 0 -16"><span class='ocrx_word' id='word_1_195' title='bbox 65 2291 72 2306; x_wconf 91' lang='lat'><strong>·</strong></span> <span class='ocrx_word' id='word_1_196' title='bbox 169 2279 229 2340; x_wconf 87' lang='lat' dir='ltr'><strong>quc</strong></span> <span class='ocrx_word' id='word_1_197' title='bbox 257 2263 394 2326; x_wconf 83' lang='lat' dir='ltr'><strong>Guilelmi</strong></span> <span class='ocrx_word' id='word_1_198' title='bbox 424 2263 626 2326; x_wconf 84' lang='lat' dir='ltr'><strong>adnotationes</strong></span> <span class='ocrx_word' id='word_1_199' title='bbox 652 2265 718 2325; x_wconf 85' lang='lat' dir='ltr'><strong>iens</strong></span> <span class='ocrx_word' id='word_1_200' title='bbox 747 2266 872 2328; x_wconf 80' lang='lat' dir='ltr'><strong>forsitan</strong></span> <span class='ocrx_word' id='word_1_201' title='bbox 902 2266 1007 2332; x_wconf 83' lang='lat' dir='ltr'><strong>luerit,</strong></span> <span class='ocrx_word' id='word_1_202' title='bbox 1044 2283 1059 2323; x_wconf 88' lang='lat' dir='ltr'><strong>e</strong></span> <span class='ocrx_word' id='word_1_203' title='bbox 1094 2279 1153 2340; x_wconf 80' lang='lat' dir='ltr'><strong>quo</strong></span> <span class='ocrx_word' id='word_1_204' title='bbox 1183 2263 1316 2326; x_wconf 88' lang='lat' dir='ltr'><strong>hauserit</strong></span> 
     </span>
    </p>
   </div>
   <div class='ocr_carea' id='block_1_4' title="bbox 165 2347 1315 4020">
    <p class='ocr_par' dir='ltr' id='par_1_4' title="bbox 165 2347 1315 4020">
     <span class='ocr_line' id='line_1_23' title="bbox 168 2347 1315 2426; baseline 0.003 -19"><span class='ocrx_word' id='word_1_205' title='bbox 168 2347 299 2408; x_wconf 82' lang='lat' dir='ltr'><strong>&#39;l&#39;lromas</strong></span> <span class='ocrx_word' id='word_1_206' title='bbox 322 2365 432 2426; x_wconf 86' lang='lat' dir='ltr'><strong>paucas</strong></span> <span class='ocrx_word' id='word_1_207' title='bbox 453 2347 519 2410; x_wconf 87' lang='lat' dir='ltr'><strong>illas</strong></span> <span class='ocrx_word' id='word_1_208' title='bbox 541 2349 697 2417; x_wconf 83' lang='lat' dir='ltr'><strong>lectiones,</strong></span> <span class='ocrx_word' id='word_1_209' title='bbox 727 2365 801 2426; x_wconf 88' lang='lat' dir='ltr'><strong>quae</strong></span> <span class='ocrx_word' id='word_1_210' title='bbox 831 2368 890 2410; x_wconf 86' lang='lat' dir='ltr'><strong>rron</strong></span> <span class='ocrx_word' id='word_1_211' title='bbox 915 2349 971 2410; x_wconf 91' lang='lat' dir='ltr'><strong>nisi</strong></span> <span class='ocrx_word' id='word_1_212' title='bbox 994 2349 1023 2409; x_wconf 93' lang='lat' dir='ltr'><strong>in</strong></span> <span class='ocrx_word' id='word_1_213' title='bbox 1047 2351 1111 2410; x_wconf 88' lang='lat' dir='ltr'><strong>eius</strong></span> <span class='ocrx_word' id='word_1_214' title='bbox 1133 2358 1315 2412; x_wconf 87' lang='lat' dir='ltr'><strong>commenta·</strong></span> 
     </span>
     <span class='ocr_line' id='line_1_24' title="bbox 168 2426 1313 2513; baseline 0.004 -22"><span class='ocrx_word' id='word_1_215' title='bbox 168 2434 215 2491; x_wconf 86' lang='lat' dir='ltr'><strong>rio</strong></span> <span class='ocrx_word' id='word_1_216' title='bbox 238 2434 439 2502; x_wconf 85' lang='lat' dir='ltr'><strong>inveniantur,</strong></span> <span class='ocrx_word' id='word_1_217' title='bbox 464 2432 543 2494; x_wconf 89' lang='lat' dir='ltr'><strong>velut</strong></span> <span class='ocrx_word' id='word_1_218' title='bbox 566 2433 587 2502; x_wconf 89' lang='grc' dir='ltr'><strong>Ι,</strong></span> <span class='ocrx_word' id='word_1_219' title='bbox 614 2431 661 2493; x_wconf 93' lang='lat' dir='ltr'><strong>ll.</strong></span> <span class='ocrx_word' id='word_1_220' title='bbox 688 2431 769 2495; x_wconf 87' lang='grc'><strong>1258</strong></span> <span class='ocrx_word' id='word_1_221' title='bbox 792 2433 820 2508; x_wconf 82' lang='lat' dir='ltr'><strong>ir,</strong></span> <span class='ocrx_word' id='word_1_222' title='bbox 843 2431 883 2495; x_wconf 88' lang='lat'><strong>31</strong></span> <span class='ocrx_word' id='word_1_223' title='bbox 916 2427 924 2450; x_wconf 91' lang='lat'><em>‘</em></span> <span class='ocrx_word' id='word_1_224' title='bbox 950 2432 1091 2512; x_wconf 76' lang='grc' dir='ltr'><strong><em>λαοομίοι</em></strong></span> <span class='ocrx_word' id='word_1_225' title='bbox 1114 2453 1169 2513; x_wconf 86' lang='lat' dir='ltr'><strong>pro</strong></span> <span class='ocrx_word' id='word_1_226' title='bbox 1190 2426 1313 2496; x_wconf 75' lang='lat' dir='ltr'><strong>dioro-</strong></span> 
     </span>
     <span class='ocr_line' id='line_1_25' title="bbox 168 2515 1314 2600; baseline 0.002 -23"><span class='ocrx_word' id='word_1_227' title='bbox 168 2515 238 2596; x_wconf 81' lang='grc' dir='ltr'><strong>μία.</strong></span> <span class='ocrx_word' id='word_1_228' title='bbox 289 2517 364 2588; x_wconf 80' lang='lat' dir='ltr'><strong>Ouid</strong></span> <span class='ocrx_word' id='word_1_229' title='bbox 393 2517 472 2596; x_wconf 79' lang='lat' dir='ltr'><strong>qnod</strong></span> <span class='ocrx_word' id='word_1_230' title='bbox 501 2517 580 2586; x_wconf 88' lang='lat' dir='ltr'><strong>Vlll.</strong></span> <span class='ocrx_word' id='word_1_231' title='bbox 603 2517 633 2580; x_wconf 87' lang='grc'><strong>5.</strong></span> <span class='ocrx_word' id='word_1_232' title='bbox 667 2515 747 2580; x_wconf 84' lang='grc'><strong>1339</strong></span> <span class='ocrx_word' id='word_1_233' title='bbox 770 2537 803 2586; x_wconf 90' lang='lat' dir='ltr'><strong>a.</strong></span> <span class='ocrx_word' id='word_1_234' title='bbox 830 2515 872 2578; x_wconf 90' lang='grc'><strong>20</strong></span> <span class='ocrx_word' id='word_1_235' title='bbox 898 2536 995 2600; x_wconf 79' lang='lat' dir='ltr'><strong>cnop</strong></span> <span class='ocrx_word' id='word_1_236' title='bbox 1023 2519 1111 2580; x_wconf 90' lang='lat' dir='ltr'><strong>lectio</strong></span> <span class='ocrx_word' id='word_1_237' title='bbox 1139 2537 1193 2598; x_wconf 90' lang='lat' dir='ltr'><strong>pro</strong></span> <span class='ocrx_word' id='word_1_238' title='bbox 1220 2518 1314 2600; x_wconf 76' lang='grc' dir='ltr'><strong><em>οἴνῳ,</em></strong></span> 
     </span>
     <span class='ocr_line' id='line_1_26' title="bbox 169 2601 1313 2683; baseline 0.001 -22"><span class='ocrx_word' id='word_1_239' title='bbox 169 2619 256 2680; x_wconf 89' lang='lat' dir='ltr'><strong>quam</strong></span> <span class='ocrx_word' id='word_1_240' title='bbox 281 2612 400 2682; x_wconf 85' lang='lat' dir='ltr'><strong>praetor</strong></span> <span class='ocrx_word' id='word_1_241' title='bbox 423 2621 490 2664; x_wconf 82' lang='lat' dir='ltr'><strong>euin</strong></span> <span class='ocrx_word' id='word_1_242' title='bbox 513 2603 594 2664; x_wconf 87' lang='lat' dir='ltr'><strong>solus</strong></span> <span class='ocrx_word' id='word_1_243' title='bbox 616 2603 739 2683; x_wconf 85' lang='lat' dir='ltr'><strong>praebet</strong></span> <span class='ocrx_word' id='word_1_244' title='bbox 760 2604 913 2674; x_wconf 76' lang='lat' dir='ltr'><strong>dratinus,</strong></span> <span class='ocrx_word' id='word_1_245' title='bbox 937 2612 1088 2664; x_wconf 87' lang='lat' dir='ltr'><strong>corrector</strong></span> <span class='ocrx_word' id='word_1_246' title='bbox 1111 2603 1131 2664; x_wconf 88' lang='lat' dir='ltr'>b</span> <span class='ocrx_word' id='word_1_247' title='bbox 1153 2601 1262 2664; x_wconf 86' lang='lat' dir='ltr'><strong>codicis</strong></span> <span class='ocrx_word' id='word_1_248' title='bbox 1285 2605 1313 2664; x_wconf 92' lang='lat' dir='ltr'><strong>in</strong></span> 
     </span>
     <span class='ocr_line' id='line_1_27' title="bbox 169 2686 1314 2766; baseline 0.002 -20"><span class='ocrx_word' id='word_1_249' title='bbox 169 2687 303 2764; x_wconf 82' lang='lat' dir='ltr'><strong>irrargine</strong></span> <span class='ocrx_word' id='word_1_250' title='bbox 332 2687 508 2766; x_wconf 84' lang='lat' dir='ltr'><strong>adscripsit!</strong></span> <span class='ocrx_word' id='word_1_251' title='bbox 553 2687 627 2760; x_wconf 84' lang='lat' dir='ltr'><strong>erin</strong></span> <span class='ocrx_word' id='word_1_252' title='bbox 657 2690 745 2750; x_wconf 87' lang='lat' dir='ltr'><strong>ctiam</strong></span> <span class='ocrx_word' id='word_1_253' title='bbox 774 2687 823 2748; x_wconf 87' lang='lat' dir='ltr'><strong>ubi</strong></span> <span class='ocrx_word' id='word_1_254' title='bbox 852 2686 987 2750; x_wconf 88' lang='lat' dir='ltr'><strong>lacunam</strong></span> <span class='ocrx_word' id='word_1_255' title='bbox 1016 2689 1127 2748; x_wconf 88' lang='lat' dir='ltr'><strong>invenit</strong></span> <span class='ocrx_word' id='word_1_256' title='bbox 1155 2691 1185 2749; x_wconf 91' lang='lat' dir='ltr'><strong>in</strong></span> <span class='ocrx_word' id='word_1_257' title='bbox 1214 2688 1314 2748; x_wconf 88' lang='lat' dir='ltr'><strong>codice</strong></span> 
     </span>
     <span class='ocr_line' id='line_1_28' title="bbox 168 2769 1313 2852; baseline 0.001 -21"><span class='ocrx_word' id='word_1_258' title='bbox 168 2790 225 2831; x_wconf 89' lang='lat' dir='ltr'><strong>sno</strong></span> <span class='ocrx_word' id='word_1_259' title='bbox 247 2771 291 2830; x_wconf 91' lang='lat' dir='ltr'><strong>vel</strong></span> <span class='ocrx_word' id='word_1_260' title='bbox 306 2774 344 2832; x_wconf 88' lang='lat' dir='ltr'><strong>in</strong></span> <span class='ocrx_word' id='word_1_261' title='bbox 368 2772 519 2832; x_wconf 82' lang='lat' dir='ltr'><strong>codicibus</strong></span> <span class='ocrx_word' id='word_1_262' title='bbox 541 2775 604 2833; x_wconf 85' lang='lat' dir='ltr'><strong>suis</strong></span> <span class='ocrx_word' id='word_1_263' title='bbox 627 2772 784 2834; x_wconf 89' lang='lat' dir='ltr'><strong>indicatam</strong></span> <span class='ocrx_word' id='word_1_264' title='bbox 810 2781 893 2834; x_wconf 82' lang='lat' dir='ltr'><strong>cetus</strong></span> <span class='ocrx_word' id='word_1_265' title='bbox 915 2769 1125 2852; x_wconf 68' lang='lat' dir='ltr'><strong>interpreti),</strong></span> <span class='ocrx_word' id='word_1_266' title='bbox 1149 2771 1227 2836; x_wconf 89' lang='lat' dir='ltr'><strong>velut</strong></span> <span class='ocrx_word' id='word_1_267' title='bbox 1242 2771 1313 2842; x_wconf 84' lang='lat' dir='ltr'><strong>vlit,</strong></span> 
     </span>
     <span class='ocr_line' id='line_1_29' title="bbox 167 2853 1312 2938; baseline 0.003 -23"><span class='ocrx_word' id='word_1_268' title='bbox 167 2853 198 2915; x_wconf 90' lang='grc'><strong>5.</strong></span> <span class='ocrx_word' id='word_1_269' title='bbox 226 2853 307 2916; x_wconf 86' lang='grc'><strong>1340</strong></span> <span class='ocrx_word' id='word_1_270' title='bbox 330 2876 355 2925; x_wconf 84' lang='grc' dir='ltr'><strong>ο,</strong></span> <span class='ocrx_word' id='word_1_271' title='bbox 383 2853 430 2917; x_wconf 90' lang='grc'><strong>12.</strong></span> <span class='ocrx_word' id='word_1_272' title='bbox 456 2854 518 2925; x_wconf 69' lang='grc'><strong>18..</strong></span> <span class='ocrx_word' id='word_1_273' title='bbox 542 2859 744 2920; x_wconf 85' lang='lat' dir='ltr'><strong>corriecturam</strong></span> <span class='ocrx_word' id='word_1_274' title='bbox 767 2856 804 2918; x_wconf 84' lang='lat' dir='ltr'><strong>de</strong></span> <span class='ocrx_word' id='word_1_275' title='bbox 827 2875 861 2918; x_wconf 88' lang='lat' dir='ltr'><strong>ea</strong></span> <span class='ocrx_word' id='word_1_276' title='bbox 885 2856 1029 2937; x_wconf 85' lang='lat' dir='ltr'><strong>explenda</strong></span> <span class='ocrx_word' id='word_1_277' title='bbox 1053 2858 1220 2938; x_wconf 85' lang='lat' dir='ltr'><strong>proposuit,</strong></span> <span class='ocrx_word' id='word_1_278' title='bbox 1244 2875 1312 2918; x_wconf 89' lang='lat' dir='ltr'><strong>naor</strong></span> 
     </span>
     <span class='ocr_line' id='line_1_30' title="bbox 169 2939 1314 3026; baseline 0.004 -28"><span class='ocrx_word' id='word_1_279' title='bbox 169 2944 274 3016; x_wconf 84' lang='lat' dir='ltr'><strong>„r&#39;pse‘·</strong></span> <span class='ocrx_word' id='word_1_280' title='bbox 305 2939 368 3017; x_wconf 80' lang='lat' dir='ltr'><strong>illo,</strong></span> <span class='ocrx_word' id='word_1_281' title='bbox 396 2944 446 3020; x_wconf 86' lang='lat' dir='ltr'><strong>qrri</strong></span> <span class='ocrx_word' id='word_1_282' title='bbox 475 2959 495 3003; x_wconf 85' lang='lat' dir='ltr'><strong>a</strong></span> <span class='ocrx_word' id='word_1_283' title='bbox 522 2941 590 3002; x_wconf 79' lang='lat' dir='ltr'><strong>libri</strong></span> <span class='ocrx_word' id='word_1_284' title='bbox 619 2951 788 3003; x_wconf 73' lang='lat' dir='ltr'><strong>correctore</strong></span> <span class='ocrx_word' id='word_1_285' title='bbox 818 2951 891 3004; x_wconf 85' lang='lat' dir='ltr'><strong>teste</strong></span> <span class='ocrx_word' id='word_1_286' title='bbox 919 2961 995 3021; x_wconf 82' lang='lat' dir='ltr'><strong>quae</strong></span> <span class='ocrx_word' id='word_1_287' title='bbox 1023 2940 1187 3026; x_wconf 86' lang='lat' dir='ltr'><strong>supplenda</strong></span> <span class='ocrx_word' id='word_1_288' title='bbox 1215 2950 1314 3004; x_wconf 87' lang='lat' dir='ltr'><strong>essent</strong></span> 
     </span>
     <span class='ocr_line' id='line_1_31' title="bbox 168 3024 1312 3106; baseline 0.003 -22"><span class='ocrx_word' id='word_1_289' title='bbox 168 3024 258 3094; x_wconf 80' lang='lat' dir='ltr'><strong>dixit,</strong></span> <span class='ocrx_word' id='word_1_290' title='bbox 288 3027 332 3086; x_wconf 81' lang='lat' dir='ltr'><strong>vix</strong></span> <span class='ocrx_word' id='word_1_291' title='bbox 361 3024 435 3087; x_wconf 88' lang='lat' dir='ltr'><strong>alins</strong></span> <span class='ocrx_word' id='word_1_292' title='bbox 463 3027 553 3088; x_wconf 86' lang='lat' dir='ltr'><strong>luisse</strong></span> <span class='ocrx_word' id='word_1_293' title='bbox 583 3035 679 3105; x_wconf 86' lang='lat' dir='ltr'><strong>potest</strong></span> <span class='ocrx_word' id='word_1_294' title='bbox 708 3044 795 3103; x_wconf 86' lang='lat' dir='ltr'><strong>quam</strong></span> <span class='ocrx_word' id='word_1_295' title='bbox 823 3027 887 3106; x_wconf 89' lang='lat' dir='ltr'><strong>ipse</strong></span> <span class='ocrx_word' id='word_1_296' title='bbox 915 3025 1091 3089; x_wconf 85' lang='lat' dir='ltr'><strong>Guiieirnns.</strong></span> <span class='ocrx_word' id='word_1_297' title='bbox 1136 3026 1217 3098; x_wconf 85' lang='lat' dir='ltr'><strong>Quae</strong></span> <span class='ocrx_word' id='word_1_298' title='bbox 1245 3044 1312 3088; x_wconf 90' lang='lat' dir='ltr'><strong>cum</strong></span> 
     </span>
     <span class='ocr_line' id='line_1_32' title="bbox 169 3109 1311 3192; baseline 0 -22"><span class='ocrx_word' id='word_1_299' title='bbox 169 3111 211 3170; x_wconf 89' lang='lat' dir='ltr'><strong>ita</strong></span> <span class='ocrx_word' id='word_1_300' title='bbox 233 3113 301 3179; x_wconf 86' lang='lat' dir='ltr'><strong>sint.</strong></span> <span class='ocrx_word' id='word_1_301' title='bbox 326 3129 384 3170; x_wconf 90' lang='lat' dir='ltr'><strong>non</strong></span> <span class='ocrx_word' id='word_1_302' title='bbox 408 3109 519 3181; x_wconf 73' lang='lat' dir='ltr'><strong>diabilo,</strong></span> <span class='ocrx_word' id='word_1_303' title='bbox 544 3114 614 3190; x_wconf 84' lang='lat' dir='ltr'><strong>quin</strong></span> <span class='ocrx_word' id='word_1_304' title='bbox 638 3131 671 3172; x_wconf 90' lang='lat' dir='ltr'><strong>ea</strong></span> <span class='ocrx_word' id='word_1_305' title='bbox 695 3130 822 3192; x_wconf 75' lang='lat' dir='ltr'><strong>utroque,</strong></span> <span class='ocrx_word' id='word_1_306' title='bbox 846 3130 922 3191; x_wconf 88' lang='lat' dir='ltr'><strong>qnae</strong></span> <span class='ocrx_word' id='word_1_307' title='bbox 944 3111 981 3172; x_wconf 88' lang='lat' dir='ltr'><strong>de</strong></span> <span class='ocrx_word' id='word_1_308' title='bbox 997 3110 1052 3172; x_wconf 89' lang='lat' dir='ltr'><strong>alia</strong></span> <span class='ocrx_word' id='word_1_309' title='bbox 1068 3111 1188 3180; x_wconf 82' lang='lat' dir='ltr'><strong>lactina,</strong></span> <span class='ocrx_word' id='word_1_310' title='bbox 1212 3111 1242 3180; x_wconf 91' lang='lat' dir='ltr'><strong>V,</strong></span> <span class='ocrx_word' id='word_1_311' title='bbox 1262 3109 1311 3172; x_wconf 93' lang='grc'><strong>11.</strong></span> 
     </span>
     <span class='ocr_line' id='line_1_33' title="bbox 170 3191 1313 3276; baseline 0.002 -22"><span class='ocrx_word' id='word_1_312' title='bbox 170 3191 253 3256; x_wconf 88' lang='grc'><strong>1315</strong></span> <span class='ocrx_word' id='word_1_313' title='bbox 275 3214 306 3264; x_wconf 88' lang='lat' dir='ltr'><strong>a,</strong></span> <span class='ocrx_word' id='word_1_314' title='bbox 328 3191 386 3263; x_wconf 89' lang='grc'><strong>20,</strong></span> <span class='ocrx_word' id='word_1_315' title='bbox 410 3214 517 3276; x_wconf 87' lang='lat' dir='ltr'><strong>eoque,</strong></span> <span class='ocrx_word' id='word_1_316' title='bbox 542 3197 621 3276; x_wconf 80' lang='lat' dir='ltr'><strong>quod</strong></span> <span class='ocrx_word' id='word_1_317' title='bbox 644 3195 700 3256; x_wconf 83' lang='lat' dir='ltr'><strong>lroc</strong></span> <span class='ocrx_word' id='word_1_318' title='bbox 724 3194 787 3256; x_wconf 90' lang='lat' dir='ltr'><strong>loco</strong></span> <span class='ocrx_word' id='word_1_319' title='bbox 811 3199 862 3266; x_wconf 83' lang='lat' dir='ltr'><strong>„in</strong></span> <span class='ocrx_word' id='word_1_320' title='bbox 882 3205 996 3274; x_wconf 68' lang='lat' dir='ltr'><strong>preca*</strong></span> <span class='ocrx_word' id='word_1_321' title='bbox 1019 3196 1124 3264; x_wconf 74' lang='lat' dir='ltr'><strong>interit,</strong></span> <span class='ocrx_word' id='word_1_322' title='bbox 1147 3215 1177 3258; x_wconf 89' lang='lat' dir='ltr'><strong>m</strong></span> <span class='ocrx_word' id='word_1_323' title='bbox 1199 3195 1313 3256; x_wconf 85' lang='lat' dir='ltr'><strong>codicis</strong></span> 
     </span>
     <span class='ocr_line' id='line_1_34' title="bbox 168 3279 1313 3360; baseline 0.003 -22"><span class='ocrx_word' id='word_1_324' title='bbox 168 3287 322 3339; x_wconf 85' lang='lat' dir='ltr'><strong>corrector</strong></span> <span class='ocrx_word' id='word_1_325' title='bbox 348 3279 513 3351; x_wconf 84' lang='lat' dir='ltr'><strong>arlrrotavit,</strong></span> <span class='ocrx_word' id='word_1_326' title='bbox 543 3301 578 3342; x_wconf 83' lang='lat' dir='ltr'><strong>ex</strong></span> <span class='ocrx_word' id='word_1_327' title='bbox 608 3284 681 3360; x_wconf 85' lang='lat' dir='ltr'><strong>ipsis</strong></span> <span class='ocrx_word' id='word_1_328' title='bbox 710 3280 846 3342; x_wconf 83' lang='lat' dir='ltr'><strong>monac-iri</strong></span> <span class='ocrx_word' id='word_1_329' title='bbox 875 3280 1096 3342; x_wconf 76' lang='lat' dir='ltr'><strong>licaniacensis</strong></span> <span class='ocrx_word' id='word_1_330' title='bbox 1129 3283 1224 3360; x_wconf 87' lang='lat' dir='ltr'><strong>copiis</strong></span> <span class='ocrx_word' id='word_1_331' title='bbox 1252 3283 1313 3341; x_wconf 90' lang='lat' dir='ltr'><strong>sint</strong></span> 
     </span>
     <span class='ocr_line' id='line_1_35' title="bbox 168 3362 1312 3447; baseline 0.001 -24"><span class='ocrx_word' id='word_1_332' title='bbox 168 3362 319 3428; x_wconf 74' lang='lat' dir='ltr'><strong>derivata.¹</strong></span> <span class='ocrx_word' id='word_1_333' title='bbox 339 3365 588 3447; x_wconf 86' lang='lat' dir='ltr'><strong>vehementerque</strong></span> <span class='ocrx_word' id='word_1_334' title='bbox 611 3365 711 3434; x_wconf 87' lang='lat' dir='ltr'><strong>doleo,</strong></span> <span class='ocrx_word' id='word_1_335' title='bbox 741 3364 819 3445; x_wconf 83' lang='lat' dir='ltr'><strong>qunti</strong></span> <span class='ocrx_word' id='word_1_336' title='bbox 849 3365 921 3427; x_wconf 76' lang='lat' dir='ltr'><strong>llaec</strong></span> <span class='ocrx_word' id='word_1_337' title='bbox 951 3363 1037 3425; x_wconf 85' lang='lat' dir='ltr'><strong>verba</strong></span> <span class='ocrx_word' id='word_1_338' title='bbox 1066 3363 1224 3427; x_wconf 85' lang='lat' dir='ltr'><strong>enucleare</strong></span> <span class='ocrx_word' id='word_1_339' title='bbox 1253 3383 1312 3425; x_wconf 77' lang='lat' dir='ltr'><strong>raon</strong></span> 
     </span>
     <span class='ocr_line' id='line_1_36' title="bbox 168 3445 1311 3530; baseline 0.001 -23"><span class='ocrx_word' id='word_1_340' title='bbox 168 3452 260 3526; x_wconf 90' lang='lat' dir='ltr'><strong>potui.</strong></span> <span class='ocrx_word' id='word_1_341' title='bbox 308 3447 417 3530; x_wconf 81' lang='lat' dir='ltr'><strong>Duplex</strong></span> <span class='ocrx_word' id='word_1_342' title='bbox 441 3469 559 3530; x_wconf 83' lang='lat' dir='ltr'><strong>quoque</strong></span> <span class='ocrx_word' id='word_1_343' title='bbox 588 3468 688 3511; x_wconf 75' lang='lat' dir='ltr'><strong>versus</strong></span> <span class='ocrx_word' id='word_1_344' title='bbox 717 3450 868 3511; x_wconf 82' lang='lat' dir='ltr'><strong>Homerici</strong></span> <span class='ocrx_word' id='word_1_345' title='bbox 891 3448 968 3522; x_wconf 87' lang='lat' dir='ltr'><strong>viti,</strong></span> <span class='ocrx_word' id='word_1_346' title='bbox 992 3447 1024 3510; x_wconf 87' lang='lat'><strong>3.</strong></span> <span class='ocrx_word' id='word_1_347' title='bbox 1050 3446 1131 3511; x_wconf 84' lang='lat'>1338</span> <span class='ocrx_word' id='word_1_348' title='bbox 1154 3469 1186 3514; x_wconf 82' lang='lat' dir='ltr'><strong>a.</strong></span> <span class='ocrx_word' id='word_1_349' title='bbox 1209 3445 1251 3510; x_wconf 91' lang='grc'><strong>25</strong></span> <span class='ocrx_word' id='word_1_350' title='bbox 1282 3451 1311 3510; x_wconf 84' lang='grc' dir='ltr'><strong>1ο</strong></span> 
     </span>
     <span class='ocr_line' id='line_1_37' title="bbox 168 3531 1311 3615; baseline 0.003 -23"><span class='ocrx_word' id='word_1_351' title='bbox 168 3531 295 3610; x_wconf 76' lang='lat' dir='ltr'><strong>diversis</strong></span> <span class='ocrx_word' id='word_1_352' title='bbox 317 3542 447 3598; x_wconf 83' lang='lat' dir='ltr'><strong>vetustae</strong></span> <span class='ocrx_word' id='word_1_353' title='bbox 470 3533 670 3596; x_wconf 81' lang='lat' dir='ltr'><strong>translationis</strong></span> <span class='ocrx_word' id='word_1_354' title='bbox 693 3533 837 3614; x_wconf 79' lang='lat' dir='ltr'><strong>exemptis</strong></span> <span class='ocrx_word' id='word_1_355' title='bbox 851 3537 997 3615; x_wconf 85' lang='lat' dir='ltr'><strong>scriptura</strong></span> <span class='ocrx_word' id='word_1_356' title='bbox 1014 3534 1050 3594; x_wconf 90' lang='lat' dir='ltr'><strong>ad</strong></span> <span class='ocrx_word' id='word_1_357' title='bbox 1069 3533 1196 3595; x_wconf 88' lang='lat' dir='ltr'><strong>eundem</strong></span> <span class='ocrx_word' id='word_1_358' title='bbox 1213 3537 1311 3612; x_wconf 91' lang='lat' dir='ltr'><strong>ipsum</strong></span> 
     </span>
     <span class='ocr_line' id='line_1_38' title="bbox 168 3616 1310 3699; baseline 0.001 -21"><span class='ocrx_word' id='word_1_359' title='bbox 168 3617 246 3678; x_wconf 89' lang='lat' dir='ltr'><strong>lraud</strong></span> <span class='ocrx_word' id='word_1_360' title='bbox 271 3618 362 3680; x_wconf 89' lang='lat' dir='ltr'><strong>dubie</strong></span> <span class='ocrx_word' id='word_1_361' title='bbox 383 3629 429 3680; x_wconf 86' lang='lat' dir='ltr'><strong>est</strong></span> <span class='ocrx_word' id='word_1_362' title='bbox 451 3619 626 3681; x_wconf 85' lang='lat' dir='ltr'><strong>revocanda.</strong></span> <span class='ocrx_word' id='word_1_363' title='bbox 671 3618 793 3682; x_wconf 83' lang='lat' dir='ltr'><strong>Glossae</strong></span> <span class='ocrx_word' id='word_1_364' title='bbox 809 3619 938 3699; x_wconf 72' lang='lat' dir='ltr'><strong>«lenique</strong></span> <span class='ocrx_word' id='word_1_365' title='bbox 955 3637 1136 3698; x_wconf 86' lang='lat' dir='ltr'><strong>perpaucae,</strong></span> <span class='ocrx_word' id='word_1_366' title='bbox 1160 3616 1240 3679; x_wconf 83' lang='lat' dir='ltr'><strong>veirrt</strong></span> <span class='ocrx_word' id='word_1_367' title='bbox 1262 3619 1310 3687; x_wconf 88' lang='lat' dir='ltr'><strong>ill.</strong></span> 
     </span>
     <span class='ocr_line' id='line_1_39' title="bbox 171 3699 1310 3784; baseline 0.003 -23"><span class='ocrx_word' id='word_1_368' title='bbox 171 3699 218 3764; x_wconf 88' lang='lat'><strong>13.</strong></span> <span class='ocrx_word' id='word_1_369' title='bbox 245 3699 326 3765; x_wconf 88' lang='grc'><strong>1284</strong></span> <span class='ocrx_word' id='word_1_370' title='bbox 346 3723 371 3774; x_wconf 82' lang='grc' dir='ltr'><strong>ο,</strong></span> <span class='ocrx_word' id='word_1_371' title='bbox 395 3701 437 3765; x_wconf 85' lang='grc'><strong>24</strong></span> <span class='ocrx_word' id='word_1_372' title='bbox 460 3706 498 3784; x_wconf 90' lang='lat' dir='ltr'><strong>(p.</strong></span> <span class='ocrx_word' id='word_1_373' title='bbox 514 3701 587 3774; x_wconf 88' lang='grc'><strong>209,</strong></span> <span class='ocrx_word' id='word_1_374' title='bbox 608 3703 637 3782; x_wconf 86' lang='grc'><strong>5)</strong></span> <span class='ocrx_word' id='word_1_375' title='bbox 662 3714 818 3774; x_wconf 82' lang='lat' dir='ltr'><strong>,‚nnvcm“,</strong></span> <span class='ocrx_word' id='word_1_376' title='bbox 846 3723 922 3784; x_wconf 89' lang='lat' dir='ltr'><strong>quae</strong></span> <span class='ocrx_word' id='word_1_377' title='bbox 945 3707 974 3764; x_wconf 92' lang='lat' dir='ltr'><strong>in</strong></span> <span class='ocrx_word' id='word_1_378' title='bbox 999 3705 1043 3767; x_wconf 87' lang='lat' dir='ltr'><strong>eis</strong></span> <span class='ocrx_word' id='word_1_379' title='bbox 1063 3702 1203 3765; x_wconf 83' lang='lat' dir='ltr'><strong>omnibus</strong></span> <span class='ocrx_word' id='word_1_380' title='bbox 1224 3723 1310 3784; x_wconf 88' lang='lat' dir='ltr'><strong>repe·</strong></span> 
     </span>
     <span class='ocr_line' id='line_1_40' title="bbox 165 3786 1311 3866; baseline 0.002 -18"><span class='ocrx_word' id='word_1_381' title='bbox 165 3790 295 3858; x_wconf 84' lang='lat' dir='ltr'><strong>ritrntur,</strong></span> <span class='ocrx_word' id='word_1_382' title='bbox 319 3789 462 3850; x_wconf 82' lang='lat' dir='ltr'><strong>eiusmodi</strong></span> <span class='ocrx_word' id='word_1_383' title='bbox 485 3798 566 3856; x_wconf 87' lang='lat' dir='ltr'><strong>suut.</strong></span> <span class='ocrx_word' id='word_1_384' title='bbox 590 3800 622 3849; x_wconf 91' lang='lat' dir='ltr'><strong>ut</strong></span> <span class='ocrx_word' id='word_1_385' title='bbox 644 3790 727 3851; x_wconf 78' lang='lat' dir='ltr'><strong>facilc</strong></span> <span class='ocrx_word' id='word_1_386' title='bbox 750 3809 800 3852; x_wconf 88' lang='lat' dir='ltr'><strong>eas</strong></span> <span class='ocrx_word' id='word_1_387' title='bbox 824 3793 882 3850; x_wconf 90' lang='lat' dir='ltr'><strong>iam</strong></span> <span class='ocrx_word' id='word_1_388' title='bbox 898 3789 935 3850; x_wconf 92' lang='lat' dir='ltr'><strong>ab</strong></span> <span class='ocrx_word' id='word_1_389' title='bbox 956 3791 1021 3866; x_wconf 86' lang='lat' dir='ltr'><strong>ipso</strong></span> <span class='ocrx_word' id='word_1_390' title='bbox 1036 3786 1183 3850; x_wconf 86' lang='lat' dir='ltr'><strong>Guilelmo</strong></span> <span class='ocrx_word' id='word_1_391' title='bbox 1198 3788 1311 3851; x_wconf 87' lang='lat' dir='ltr'><strong>adscri-</strong></span> 
     </span>
     <span class='ocr_line' id='line_1_41' title="bbox 166 3872 1287 3952; baseline 0 -20"><span class='ocrx_word' id='word_1_392' title='bbox 166 3881 232 3952; x_wconf 90' lang='lat' dir='ltr'><strong>ptas</strong></span> <span class='ocrx_word' id='word_1_393' title='bbox 254 3893 319 3934; x_wconf 87' lang='lat' dir='ltr'><strong>esse</strong></span> <span class='ocrx_word' id='word_1_394' title='bbox 341 3874 461 3944; x_wconf 85' lang='lat' dir='ltr'><strong>credas,</strong></span> <span class='ocrx_word' id='word_1_395' title='bbox 486 3876 601 3936; x_wconf 88' lang='lat' dir='ltr'><strong>etiamsi</strong></span> <span class='ocrx_word' id='word_1_396' title='bbox 626 3877 655 3934; x_wconf 90' lang='lat' dir='ltr'><strong>in</strong></span> <span class='ocrx_word' id='word_1_397' title='bbox 679 3873 783 3936; x_wconf 86' lang='lat' dir='ltr'><strong>codice</strong></span> <span class='ocrx_word' id='word_1_398' title='bbox 805 3893 860 3934; x_wconf 90' lang='lat' dir='ltr'><strong>suo</strong></span> <span class='ocrx_word' id='word_1_399' title='bbox 882 3875 997 3935; x_wconf 91' lang='lat' dir='ltr'><strong>Graeco</strong></span> <span class='ocrx_word' id='word_1_400' title='bbox 1017 3891 1068 3934; x_wconf 91' lang='lat' dir='ltr'><strong>eas</strong></span> <span class='ocrx_word' id='word_1_401' title='bbox 1090 3891 1150 3934; x_wconf 90' lang='lat' dir='ltr'><strong>nnn</strong></span> <span class='ocrx_word' id='word_1_402' title='bbox 1173 3872 1287 3952; x_wconf 76' lang='lat' dir='ltr'><strong>legerit.</strong></span> 
     </span>
     <span class='ocr_line' id='line_1_42' title="bbox 252 3953 1310 4020; baseline -0.001 -1"><span class='ocrx_word' id='word_1_403' title='bbox 252 3957 327 4019; x_wconf 89' lang='lat' dir='ltr'><strong>b=</strong></span> <span class='ocrx_word' id='word_1_404' title='bbox 344 3953 543 4020; x_wconf 76' lang='lat' dir='ltr'><strong>l’aris.&#39;769a&#39;›</strong></span> <span class='ocrx_word' id='word_1_405' title='bbox 566 3963 586 4019; x_wconf 81' lang='grc' dir='ltr'>Α</span> <span class='ocrx_word' id='word_1_406' title='bbox 610 3978 634 4018; x_wconf 88' lang='lat' dir='ltr'><strong>s.</strong></span> <span class='ocrx_word' id='word_1_407' title='bbox 657 3958 788 4020; x_wconf 80' lang='lat' dir='ltr'><strong>Coibcrt.</strong></span> <span class='ocrx_word' id='word_1_408' title='bbox 812 3955 897 4018; x_wconf 88' lang='grc'><strong>2240</strong></span> <span class='ocrx_word' id='word_1_409' title='bbox 920 3953 1163 4020; x_wconf 86' lang='lat' dir='ltr'><strong>membranaceus</strong></span> <span class='ocrx_word' id='word_1_410' title='bbox 1187 3961 1217 4020; x_wconf 93' lang='lat' dir='ltr'><strong>in</strong></span> <span class='ocrx_word' id='word_1_411' title='bbox 1240 3956 1310 4019; x_wconf 89' lang='lat' dir='ltr'><strong>lolio</strong></span> 
     </span>
    </p>
   </div>
   <div class='ocr_carea' id='block_1_5' title="bbox 163 4041 1310 4208">
    <p class='ocr_par' dir='ltr' id='par_1_5' title="bbox 163 4041 1310 4208">
     <span class='ocr_line' id='line_1_43' title="bbox 165 4041 1309 4124; baseline 0.001 -22"><span class='ocrx_word' id='word_1_412' title='bbox 165 4042 286 4104; x_wconf 87' lang='lat' dir='ltr'><strong>saeculo</strong></span> <span class='ocrx_word' id='word_1_413' title='bbox 308 4041 383 4104; x_wconf 79' lang='grc' dir='ltr'><strong>11111ο</strong></span> <span class='ocrx_word' id='word_1_414' title='bbox 407 4043 483 4104; x_wconf 85' lang='lat' dir='ltr'><strong>houd</strong></span> <span class='ocrx_word' id='word_1_415' title='bbox 508 4043 691 4118; x_wconf 83' lang='lat' dir='ltr'><strong>ineleganter</strong></span> <span class='ocrx_word' id='word_1_416' title='bbox 713 4046 842 4124; x_wconf 82' lang='lat' dir='ltr'><strong>scriptus</strong></span> <span class='ocrx_word' id='word_1_417' title='bbox 864 4046 998 4104; x_wconf 88' lang='lat' dir='ltr'><strong>continet</strong></span> <span class='ocrx_word' id='word_1_418' title='bbox 1020 4041 1177 4106; x_wconf 80' lang='lat' dir='ltr'><strong>Rhetorica</strong></span> <span class='ocrx_word' id='word_1_419' title='bbox 1201 4041 1309 4122; x_wconf 88' lang='grc'><strong>(1.1-</strong></span> 
     </span>
     <span class='ocr_line' id='line_1_44' title="bbox 163 4123 1310 4208; baseline 0.001 -20"><span class='ocrx_word' id='word_1_420' title='bbox 163 4124 244 4207; x_wconf 64' lang='lat'>29³),</span> <span class='ocrx_word' id='word_1_421' title='bbox 268 4127 371 4206; x_wconf 75' lang='lat' dir='ltr'><strong>Magna</strong></span> <span class='ocrx_word' id='word_1_422' title='bbox 389 4128 509 4189; x_wconf 80' lang='lat' dir='ltr'><strong>litoralia</strong></span> <span class='ocrx_word' id='word_1_423' title='bbox 526 4129 555 4208; x_wconf 86' lang='grc'><strong>(1.</strong></span> <span class='ocrx_word' id='word_1_424' title='bbox 572 4123 737 4208; x_wconf 68' lang='lat' dir='ltr'><strong>att-48¹),</strong></span> <span class='ocrx_word' id='word_1_425' title='bbox 762 4128 872 4192; x_wconf 88' lang='lat' dir='ltr'><strong>librum</strong></span> <span class='ocrx_word' id='word_1_426' title='bbox 887 4129 924 4189; x_wconf 86' lang='lat' dir='ltr'><strong>de</strong></span> <span class='ocrx_word' id='word_1_427' title='bbox 941 4127 1017 4189; x_wconf 92' lang='lat' dir='ltr'><strong>bona</strong></span> <span class='ocrx_word' id='word_1_428' title='bbox 1033 4129 1150 4190; x_wconf 88' lang='lat' dir='ltr'><strong>iortuna</strong></span> <span class='ocrx_word' id='word_1_429' title='bbox 1168 4128 1197 4207; x_wconf 86' lang='lat' dir='ltr'><strong>(t&#39;.</strong></span> <span class='ocrx_word' id='word_1_430' title='bbox 1214 4126 1310 4189; x_wconf 60' lang='lat'><strong>48³-</strong></span> 
     </span>
    </p>
   </div>
   <div class='ocr_carea' id='block_1_6' title="bbox 232 4363 961 4498">
    <p class='ocr_par' dir='ltr' id='par_1_6' title="bbox 232 4363 961 4498">
     <span class='ocr_line' id='line_1_45' title="bbox 233 4363 961 4430; baseline -0.001 -14"><span class='ocrx_word' id='word_1_431' title='bbox 233 4365 277 4425; x_wconf 71' lang='lat' dir='ltr'><strong>aa)</strong></span> <span class='ocrx_word' id='word_1_432' title='bbox 296 4363 379 4414; x_wconf 89' lang='lat' dir='ltr'><strong>Velut</strong></span> <span class='ocrx_word' id='word_1_433' title='bbox 397 4364 437 4427; x_wconf 90' lang='lat' dir='ltr'><strong>ll,</strong></span> <span class='ocrx_word' id='word_1_434' title='bbox 456 4365 479 4418; x_wconf 81' lang='lat'><strong>5.</strong></span> <span class='ocrx_word' id='word_1_435' title='bbox 500 4367 566 4416; x_wconf 78' lang='lat'>126³</span> <span class='ocrx_word' id='word_1_436' title='bbox 585 4367 611 4429; x_wconf 92' lang='lat' dir='ltr'><strong>b,</strong></span> <span class='ocrx_word' id='word_1_437' title='bbox 631 4365 656 4414; x_wconf 84' lang='lat' dir='ltr'><strong>t.</strong></span> <span class='ocrx_word' id='word_1_438' title='bbox 675 4379 700 4430; x_wconf 89' lang='lat' dir='ltr'><strong>p.</strong></span> <span class='ocrx_word' id='word_1_439' title='bbox 720 4366 761 4428; x_wconf 82' lang='lat' dir='ltr'><strong>tu,</strong></span> <span class='ocrx_word' id='word_1_440' title='bbox 780 4367 796 4412; x_wconf 88' lang='grc'><strong>2</strong></span> <span class='ocrx_word' id='word_1_441' title='bbox 816 4363 856 4417; x_wconf 91' lang='lat' dir='ltr'><strong>ed.</strong></span> <span class='ocrx_word' id='word_1_442' title='bbox 875 4379 961 4416; x_wconf 80' lang='lat' dir='ltr'><strong>meae.</strong></span> 
     </span>
     <span class='ocr_line' id='line_1_46' title="bbox 232 4431 443 4498; baseline -0.005 -14"><span class='ocrx_word' id='word_1_443' title='bbox 232 4433 277 4498; x_wconf 83' lang='lat' dir='ltr'><strong>tt)</strong></span> <span class='ocrx_word' id='word_1_444' title='bbox 296 4431 338 4482; x_wconf 83' lang='lat' dir='ltr'><strong>ct.</strong></span> <span class='ocrx_word' id='word_1_445' title='bbox 357 4447 382 4482; x_wconf 88' lang='lat' dir='ltr'><strong>n.</strong></span> <span class='ocrx_word' id='word_1_446' title='bbox 404 4435 443 4483; x_wconf 82' lang='lat' dir='ltr'><strong>ta.</strong></span> 
     </span>
    </p>
   </div>
   <div class='ocr_carea' id='block_1_7' title="bbox 0 0 1622 5086">
    <p class='ocr_par' dir='ltr' id='par_1_7' title="bbox 0 0 1622 5086">
     <span class='ocr_line' id='line_1_47' title="bbox 0 0 1622 5086; baseline 0 2"><span class='ocrx_word' id='word_1_447' title='bbox 0 0 1622 5086; x_wconf 95' lang='lat' dir='ltr'><strong> </strong></span> 
     </span>
    </p>
   </div>
  </div>
 </body>
</html>
