3236 5086
315 361 366 410 Lll

313 525 374 572 tem
391 515 605 589 assequantur:
622 504 648 562 si
665 498 784 580 quidem
800 497 927 576 primurn
944 503 1044 557 sextus
1059 495 1135 558 libor
1151 515 1209 558 non
1224 505 1268 558 est
1281 499 1350 559 linis
1362 497 1477 560 disser-

313 599 445 662 tationis,
459 612 518 674 «pra
535 590 702 650 deteriores
718 579 899 664 reipublicae
915 583 1028 644 torneae
1045 591 1219 652 tractantur,
1232 583 1283 643 sed
1300 593 1371 644 ante
1387 585 1476 666 quin·

314 695 377 744 turn
394 674 653 758 transponendum,
677 669 785 730 deinde
801 686 860 729 non
876 677 955 728 tanta
972 674 1014 726 est
1030 669 1060 728 iu
1077 671 1143 728 eius
1158 669 1217 728 linc
1233 667 1355 736 laenate,
1380 687 1476 747 quan·

313 779 374 828 tarn
390 785 456 826 esse
480 770 564 844 putat
580 749 892 830 llildenhrandius¹⁴²l
916 753 1108 830 Conrirtgiutn
1128 761 1263 821 seritius,
1289 753 1420 833 denique
1443 755 1476 814 in

313 855 425 914 ceteris
447 865 568 929 quoqne
591 843 693 922 operis
717 837 852 918 partibus
875 845 995 916 praeter
1018 839 1148 897 ntinores
1170 836 1294 899 lacunas
1309 836 1477 916 permultas

313 957 373 1000 nna
397 945 481 996 certe
504 929 627 992 maioris
649 923 777 986 ambitus
806 929 873 1002 post
896 920 948 991 ΙΙΙ,
974 919 1022 982 13.
1053 918 1188 990 128411.
1212 919 1242 983 3.
1273 915 1402 1001 ἀρετήν
1430 924 1476 983 in·

199 1023 212 1044 ⁰
314 1025 447 1087 renitor,
472 1037 548 1096 quae
572 1031 633 1074 nou
657 1011 732 1086 sugit
754 1008 895 1085 Conringi
918 1009 1117 1085 sagacitatem.
1148 1005 1204 1076 Qui
1230 1008 1273 1066 uir
1290 1024 1475 1087 uitantquant

313 1113 343 1169 in
368 1103 515 1166 eiusmodi
539 1094 709 1160 defectibus
733 1091 944 1170 investigandis
968 1110 1056 1170 saepe
1078 1089 1198 1171 quidem
1223 1095 1348 1160 errarit,
1374 1101 1474 1153 tanuen

314 1213 375 1254 non
398 1192 495 1250 solunt
520 1206 557 1246 eo
580 1183 706 1248 errarit,
730 1177 807 1260 quod
832 1176 1000 1254 complures
1023 1175 1073 1236 utn
1098 1195 1156 1236 nun
1173 1176 1315 1236 suntsibi
1333 1179 1413 1237 visus
1430 1186 1477 1237 est

314 1279 475 1344 detexisse,
500 1289 604 1332 rernm
622 1267 711 1328 etiarn
729 1285 775 1332 eo,
798 1263 876 1343 ‹puod
893 1262 967 1322 alios
984 1263 1147 1340 pauciores,
1171 1262 1220 1340 qui
1239 1279 1341 1320 revera
1359 1269 1474 1332 extant,

315 1363 359 1424 rei
382 1367 448 1443 ipse
472 1356 605 1420 nonduin
629 1351 751 1419 deterit,
776 1357 815 1414 et,
838 1353 1016 1426 ‹ruuntquarn
1040 1345 1169 1422 linguatu
1186 1346 1330 1406 Graecani
1355 1347 1474 1406 rnodire

314 1461 429 1512 tanturn
446 1445 553 1506 dietus
568 1445 643 1506 erat,
667 1443 753 1498 acuta
778 1445 875 1494 tamen
892 1439 989 1492 ruente
1005 1437 1034 1490 et
1049 1439 1162 1490 attento
1185 1433 1286 1490 animo
1310 1433 1475 1492 sententia·

313 1557 381 1598 runt
399 1533 511 1611 ubique
527 1543 638 1589 nerunt
654 1523 778 1582 rimatus
793 1516 958 1598 permultas
973 1513 1161 1576 difficultates
1175 1517 1302 1594 aperuit,
1321 1534 1396 1595 quus
1413 1533 1474 1575 non

314 1621 404 1682 niodo
419 1627 490 1678 ante
505 1631 575 1674 euni
592 1627 681 1671 nemo
703 1610 912 1686 perspexerat,
937 1599 988 1660 scd
1012 1601 1101 1660 etiarn
1117 1609 1182 1678 post
1197 1618 1265 1660 euin
1282 1600 1404 1680 plurimi
1422 1601 1474 1660 de.

314 1709 478 1784 spicientes
493 1715 569 1780 quae
585 1703 670 1754 recte
685 1697 822 1752 senserat
837 1705 946 1763 negare
961 1704 1049 1766 qttanr
1066 1685 1195 1744 enudare
1212 1683 1392 1749 maluerunt.
1416 1684 1475 1755 Oui

314 1797 338 1852 si
353 1789 442 1852 lindie
453 1801 587 1864 quoque,
604 1777 683 1840 reiut
695 1775 834 1837 Stalirius
845 1769 907 1850 ¹⁴³),
920 1773 1079 1833 asteriscos
1090 1770 1305 1847 Conringianos
1317 1788 1352 1829 er
1368 1769 1474 1829 editio.

316 1877 405 1938 tribus
422 1873 533 1934 nostris
549 1867 716 1930 evanuisse.
730 1859 782 1920 sed
801 1875 988 1937 nequaquam
1004 1855 1060 1916 hac
1075 1873 1107 1914 re
1124 1853 1272 1916 turbatam
1290 1873 1356 1915 esse
1372 1856 1475 1935 operis

316 1959 563 2040 perspicuitatem
594 1952 759 2011 adirrnant.
789 1961 910 2010 vereor,
941 1960 978 2001 ne
1011 1942 1040 2000 in
1070 1959 1121 2000 ens
1149 1938 1235 1999 cadat
1262 1939 1357 2008 idern,
1392 1939 1473 2015 qnod

314 2045 484 2110 trutinent
507 2059 539 2102 se
558 2035 667 2098 ἵππον
681 2031 804 2113 quiden]
821 2028 936 2097 ridere,
961 2025 1012 2085 sed
1037 2044 1095 2084 non
1112 2015 1276 2102 ἱππότητα
1291 2025 1475 2084 asseveranti

314 2127 507 2212 respondisse
538 2123 636 2186 fertur
663 2117 762 2179 Plato:
793 2113 878 2192 ἔχεις
904 2107 968 2191 μὲν
996 2095 1023 2191 ᾦ
1050 2105 1153 2181 ἵππος
1180 2101 1298 2184 ὁρᾶται
1326 2103 1407 2167 τάδε
1436 2101 1476 2167 τὸ

314 2213 420 2298 ὄμμα,
445 2201 473 2297 ᾧ
494 2209 531 2273 dl
558 2203 701 2284 ἱππότης
726 2203 908 2278 θεωρεῖται
935 2191 1070 2255 ntide'rrn
1098 2189 1255 2274 κέκτησαι
1265 2190 1324 2270 ¹⁴⁸).
1372 2192 1476 2273 ltaque

314 2324 383 2364 curn
407 2303 460 2360 lias
484 2299 607 2358 lacunas
630 2310 683 2372 per
706 2297 800 2348 toturn
824 2302 901 2364 opus
922 2281 1072 2361 dispersas
1094 2278 1130 2338 ab
1153 2278 1312 2339 Aristotele
1335 2279 1402 2356 ipso
1427 2296 1476 2337 re·

315 2391 401 2450 lietas
424 2404 490 2444 esse
515 2399 619 2446 nenio,
649 2377 701 2454 qui
730 2387 820 2432 sanae
847 2368 955 2428 utentis
983 2375 1041 2432 est,
1070 2363 1250 2424 contendere
1278 2371 1381 2442 qtteat,
1413 2380 1475 2422 non

316 2471 475 2546 intellego,
500 2483 554 2526 cur
577 2463 665 2522 aliter
688 2459 725 2516 de
748 2456 823 2514 sexti
851 2451 920 2512 libri
949 2453 1007 2511 linc
1030 2447 1211 2510 iudicemus:
1240 2455 1344 2506 contra
1374 2465 1407 2507 ea
1437 2447 1476 2506 de

316 2557 420 2634 optinui
444 2547 629 2630 reipublicae
652 2551 746 2603 status
769 2537 969 2616 descriptione
993 2541 1022 2594 et
1050 2533 1087 2593 dc
1111 2531 1319 2610 legumlntione
1347 2549 1411 2592 reru
1442 2533 1475 2591 in

317 2639 416 2702 rnedio
439 2637 611 2712 relinquere
634 2627 741 2690 melius
764 2625 831 2684 crit.

403 2722 461 2784 Sed
485 2739 545 2782 non
568 2715 665 2777 solum
690 2710 901 2788 intpcrlecturn
925 2712 969 2764 est
985 2723 1072 2784 opus,
1097 2721 1198 2763 veruru
1216 2702 1321 2768 etiarn.
1347 2701 1375 2760 id
1393 2701 1474 2780 qnod

318 2815 375 2872 iarn
398 2809 498 2884 attigi,
524 2822 582 2864 non
607 2800 732 2878 pristino
755 2793 861 2853 ordine
885 2790 971 2850 nobis
993 2788 1144 2849 traditum.
1189 2787 1314 2862 Septitni
1338 2787 1418 2844 eninr
1444 2795 1476 2844 et

318 2897 412 2956 octm
435 2894 580 2954 librorum
605 2901 707 2944 rerrun
730 2879 829 2939 locutu
853 2885 921 2937 ante
943 2883 1082 2954 quartuor
1112 2889 1176 2931 esse
1206 2871 1292 2950 prinii
1316 2879 1478 2930 senserunt

320 2978 457 3042 Nicotaus
491 2972 663 3037 ilcesmius,
697 2967 740 3025 uir
774 2954 1121 3042 praestantissimus¹⁴⁵l,
1156 2953 1253 3015 Caroli
1288 2953 1309 3010 V
1343 2953 1476 3014 Franco.

318 3064 463 3144 gottorum
487 3061 569 3135 regis
592 3059 769 3133 praeceptor
792 3057 821 3108 et
844 3045 950 3104 deinde
974 3045 1131 3122 episcopus
1155 3040 1357 3108 Lexoviensis,
1383 3057 1475 3118 quern

320 3169 399 3211 anno
428 3137 660 3208 llCCCLXXllll
695 3142 845 3196 mortuum
875 3149 940 3189 esse
973 3130 1084 3187 scimus
1111 3135 1141 3188 et
1167 3127 1218 3205 qui
1245 3132 1295 3184 aut
1323 3143 1339 3184 e
1367 3123 1476 3184 codice
1548 3185 1551 3192 Δ

320 3236 434 3296 Graeco
458 3238 509 3290 aut
531 3247 547 3287 e
571 3230 685 3286 vetusta
708 3218 903 3280 translatione
925 3211 1118 3274 Politicorum
1147 3211 1218 3270 iecit
1246 3209 1475 3269 conversionem

321 3314 573 3394 l'rancogallicarn
598 3317 700 3387 postea
725 3304 845 3365 Parisiis
873 3317 952 3359 anno
972 3293 1198 3362 llCliLllellll
1224 3291 1475 3374 impressam¹⁴⁶),

378 3441 392 3448 .-
400 3441 424 3446 --
430 3437 537 3445 ..-.--

392 3499 453 3628 ῗῖξζ
471 3501 504 3617 ln
521 3495 691 3616 pappitponh·
710 3557 768 3607 XV.
788 3571 811 3619 p.
830 3553 889 3603 332.
925 3549 1007 3600 Haud
1027 3549 1110 3600 multo
1133 3548 1215 3598 aliter
1233 3548 1358 3598 indicunt
1377 3547 1477 3598 Goett-

322 3639 439 3705 ltngiuu,
459 3634 597 3691 Hilarius,
616 3627 778 3682 Mekestos,
798 3621 993 3679 Schnitnerus‚
1011 3618 1074 3678 atii,
1093 3617 1175 3683 paulo
1189 3617 1297 3666 centina
1311 3615 1476 3666 Brundisino

323 3703 537 3768 (Grpeepqnm,
557 3698 630 3749 phil,
650 3695 676 3746 11
685 3693 705 3741 b.
730 3709 757 3756 p.
776 3691 861 3744 1665).
901 3687 1003 3737 Contra
1027 3692 1102 3735 recte
1122 3684 1283 3734 Onckenins
1306 3683 1324 3738 l,
1343 3683 1362 3736 l.
1385 3699 1413 3748 p.
1433 3686 1478 3735 66.

324 3793 350 3828 ῃ,
369 3778 399 3826 2:
419 3771 486 3832 „leh
505 3767 596 3817 deulte
682 3761 760 3817 dass,
779 3772 859 3806 wenn
882 3755 951 3806 euch
975 3755 1023 3804 der
1047 3753 1101 3802 viel
1124 3750 1281 3802 beliichelte
1299 3751 1478 3802 Asterisken-

324 3840 434 3894 himmel
453 3838 502 3888 des
520 3836 661 3885 Hermann
680 3827 803 3890 Conring
822 3823 955 3873 nunmelur
974 3837 1045 3888 ganz
1063 3819 1249 3880 versehollen,
1267 3818 1337 3870 doch
1357 3834 1392 3867 an
1412 3819 1478 3870 sehr

325 3909 416 3964 rielen
435 3904 540 3958 Stellen
558 3917 610 3952 nur
628 3899 680 3948 des
698 3895 834 3955 zechen,
854 3891 933 3942 nicht
951 3892 1019 3942 aber
1036 3889 1081 3939 die
1099 3886 1197 3938 Liieke
1217 3887 1283 3937 oder
1295 3885 1477 3937 Unebenlteit

325 3971 542 4032 verschwunden
560 3967 623 4022 ist.“

394 4039 453 4108 itt)
472 4037 567 4104 Simpl.
585 4037 613 4086 in
632 4033 747 4085 Aristot.
767 4029 862 4094 Categ.
882 4027 901 4078 f.
921 4027 967 4079 8b
987 4024 1091 4090 (Schol.
1117 4024 1145 4072 in
1164 4023 1248 4072 Arist.
1267 4023 1300 4071 66
1313 4021 1342 4084 b,
1361 4022 1395 4072 to
1413 4037 1474 4088 sqq.

328 4111 455 4242 Μηδὲ.)
475 4177 515 4225 De
539 4187 596 4237 quo·
615 4185 641 4222 v.
665 4169 696 4218 il.
719 4166 852 4217 Roscheri
877 4162 1099 4214 dissertationem
1123 4160 1176 4208 Ein
1199 4173 1309 4224 grosser
1331 4157 1476 4207 Notionnl·

329 4250 444 4302 5k⁰¹¹⁰m
472 4243 520 4294 ‘10⁸
545 4235 802 4290 ¹4·J²hrl¹1¹11derts
830 4235 883 4298 (int
912 4230 1045 4283 zeitschr.
1068 4229 1088 4277 l.
1114 4224 1370 4278 Stoatsuissensclt.
1401 4225 1476 4274 xlx,

332 4319 403 4370 1666.
421 4328 446 4379 p.
465 4312 514 4362 606
533 4307 612 4372 squ).

227 4391 232 4402 '
397 4381 455 4446 146)
474 4379 516 4428 Of.
535 4375 659 4425 Onclreu.
678 4387 704 4436 p.
723 4371 755 4418 tr
774 4385 815 4432 sq.
