3276 5068
341 442 417 494 xntt

340 593 450 656 eisdem
474 593 569 675 copiis
593 613 628 656 ac
650 592 794 655 Thomam
823 611 888 654 esse
917 609 1017 661 usum,
1050 609 1125 670 quae
1148 589 1311 670 lurdeniib
1340 601 1386 654 est
1414 611 1483 654 con·

339 681 467 748 iectura,
503 697 557 756 ego
585 679 705 759 quidem
734 697 831 758 neusse
858 677 1067 738 affirmaverim
1103 695 1199 757 nosue
1230 679 1414 755 negaverim:
1448 698 1483 738 eo

340 764 451 826 certius
475 783 543 824 vero
566 773 623 830 est.
647 763 675 822 id
700 763 777 840 quod
803 762 930 824 iurdeno
952 760 1069 822 silentio
1086 780 1144 822 non
1166 771 1230 822 erut
1245 766 1484 842 premermitten·

340 850 425 918 dum,
454 859 573 930 praesto
602 850 627 909 ei
656 849 747 909 luisse
775 847 925 917 subsidie,‘
948 847 1079 909 Tbomae
1107 867 1166 908 nou
1197 847 1303 916 inisse,
1333 867 1350 908 e
1379 847 1483 928 quibus

341 954 389 996 res
419 933 484 996 illes
514 935 660 1002 inauriret,
692 953 816 1013 quaerum
848 932 925 1012 apud
953 931 1114 1000 ΤΙιοιιιιιιιι,
1145 931 1174 992 id
1202 931 1281 1012 qitod
1310 951 1369 994 non
1399 952 1482 1012 prae-

341 1021 419 1079 teriit
454 1019 627 1086 lurdonum,
664 1037 717 1078 nec
755 1017 817 1078 sola
852 1025 896 1077 cst
930 1037 985 1077 nec
1023 1018 1191 1093 vestigium.
1226 1018 1250 1075 si
1284 1018 1402 1095 quidem
1434 1037 1484 1080 eas

340 1121 444 1164 omnes
467 1123 481 1164 a
505 1103 618 1164 Tlmmo
643 1103 777 1164 censuito
799 1110 913 1182 spretas
936 1119 1001 1162 csse
1024 1100 1060 1160 ab
1084 1103 1163 1161 enini
1187 1103 1320 1180 proiecto
1343 1101 1484 1164 abborret

341 1187 604 1249 verisimilitudine.
656 1187 743 1256 Nem,
774 1195 805 1248 ut
833 1187 870 1246 de
899 1187 1006 1246 ceteris
1035 1193 1164 1255 taceam,
1198 1187 1370 1265 saepissime
1399 1189 1483 1248 eliert

341 1272 428 1332 modo
461 1275 555 1334 aliam
585 1275 717 1333 litteram
744 1270 831 1332 modo
857 1271 950 1332 aliem
975 1273 1216 1338 translationem.
1250 1290 1305 1350 epta
1335 1273 1364 1332 in
1393 1290 1426 1332 re
1452 1271 1482 1332 id

340 1359 467 1418 maxime
495 1354 710 1418 observandum
739 1366 798 1426 est,
826 1355 912 1416 eiiam
936 1356 1064 1416 litteram
1094 1373 1212 1434 semper
1235 1375 1301 1417 esse
1326 1355 1481 1426 eiusmodi,

319 1451 372 1503 ·ut
405 1461 463 1503 non
499 1444 555 1503 nisi
589 1441 787 1502 translationis
819 1461 834 1500 a
864 1439 1011 1502 Guiielmo
1045 1440 1181 1500 conditae
1213 1439 1287 1501 alius
1317 1440 1410 1502 codex
1445 1441 1481 1500 ab

340 1546 374 1585 eo
396 1526 566 1588 intellectus
588 1545 653 1586 esse
682 1526 829 1604 putandus
856 1527 908 1594 sit,
937 1525 1025 1585 aliem
1054 1541 1123 1585 vero
1151 1525 1371 1586 translationem
1401 1534 1482 1586 teoto

339 1630 429 1690 opere
451 1613 528 1690 apud
553 1630 620 1673 enin
650 1629 665 1670 a
689 1609 774 1672 libris
803 1608 911 1671 nostris
937 1610 1121 1688 discrepare,
1151 1617 1183 1670 ut
1210 1609 1284 1670 alius
1312 1613 1483 1690 interpretis

338 1715 411 1774 opus
440 1696 485 1756 bis
514 1697 610 1757 verbis
632 1695 669 1754 ab
693 1715 729 1756 een
752 1698 887 1772 insigniri
913 1696 937 1754 si
965 1714 1021 1754 nou
1050 1704 1162 1755 eertum
1195 1695 1329 1775 quidem,
1353 1703 1382 1754 et
1405 1697 1482 1756 veri-

338 1779 461 1841 similius
483 1783 529 1842 sit.
566 1779 755 1842 Memorabile
776 1789 874 1841 nutem
897 1789 940 1841 est
961 1780 1136 1849 adnmdum‚
1159 1781 1289 1859 ‹puanuis
1312 1779 1389 1840 iraud
1413 1799 1481 1840 raro

341 1865 451 1928 diberti
479 1865 622 1926 lectiones
648 1883 716 1925 cum
751 1882 771 1925 e
799 1863 902 1924 codice
927 1866 1039 1941 optimo
1069 1867 1254 1924 consentiant
1282 1865 1378 1943 adque
1406 1864 1481 1926 adeo

339 1952 440 2026 paucis
462 1949 535 2010 iocis
557 1950 637 2010 sulae
660 1967 762 2009 verum
786 1949 961 2029 praebeant,
991 1957 1089 2010 temen
1114 1967 1248 2025 maguam
1273 1959 1386 2028 partem
1414 1969 1481 2010 cor·

272 2089 280 2107 ,
338 2035 537 2113 rupteiorum‚
566 2038 691 2115 naiasin
716 2053 802 2095 mann
826 2035 945 2114 scriptis
973 2033 1055 2094 libris
1083 2032 1292 2113 superstitibus
1314 2042 1364 2094 aut
1385 2037 1481 2096 omni·
1554 2059 1560 2075 ·

338 2119 392 2178 bus
414 2127 464 2179 aut
487 2118 622 2198 plurimis
646 2118 733 2180 bodie
758 2118 1019 2197 deprehendimus,
1042 2119 1099 2177 iarn
1124 2117 1165 2177 iiii
1188 2137 1202 2177 a
1227 2117 1392 2188 codicibus,
1415 2121 1480 2198 qart-

338 2202 392 2265 bus
415 2223 486 2266 murs
508 2215 567 2273 est,
592 2223 660 2265 esse
682 2203 789 2264 oblata.
835 2205 1025 2264 Paucissimis
1055 2211 1168 2263 tantum
1198 2201 1270 2266 locis
1297 2203 1354 2264 alia
1383 2202 1480 2266 littera

336 2291 414 2368 opud
437 2289 589 2351 libertum
613 2293 732 2350 Graeca
755 2299 799 2349 est
823 2289 947 2349 varietas
969 2285 1140 2354 eGuiiclmi
1164 2290 1240 2348 notis
1263 2287 1378 2356 bansta,
1389 2288 1482 2350 ovelut

336 2373 442 2452 duplex
473 2393 574 2435 versus
606 2374 685 2434 iliius
712 2372 861 2434 Homerici
894 2375 1010 2453 speeies
1043 2371 1087 2432 bis
1113 2374 1170 2432 iarn
1199 2391 1288 2452 snpra
1319 2381 1480 2434 memorata

336 2461 425 2519 etium
449 2457 570 2520 biberto
593 2461 710 2535 cogente
734 2459 796 2518 init.

422 2559 576 2620 Praeterea
601 2561 694 2620 varias
716 2559 856 2638 quasdam
887 2557 1027 2620 lectiones
1057 2567 1185 2620 vetustae
1209 2558 1407 2620 translationis
1429 2569 1482 2620 aret

336 2663 351 2700 e
374 2643 478 2702 codice
501 2652 551 2702 aut
573 2663 607 2702 ex
625 2645 752 2704 editione
768 2651 915 2712 enotatas,
939 2661 1012 2724 ques
1034 2646 1064 2702 in
1081 2643 1203 2704 Aldinae
1225 2644 1364 2704 editionis
1378 2643 1477 2704 exem-

336 2728 385 2806 pio
409 2727 602 2788 bibliothecae
626 2728 795 2788 Monacensi
818 2729 931 2788 inserto
960 2728 1002 2788 vir
1030 2728 1137 2806 ebqrtis
1165 2729 1267 2788 doetus
1295 2727 1480 2806 marginibus

335 2815 485 2894 inscripsit
501 2830 535 2872 ac
558 2813 666 2873 deiude
689 2813 736 2872 bic
752 2811 812 2873 ibic
828 2814 957 2873 correxit
973 2813 1027 2873 aba
1045 2832 1163 2882 manus⁸
1188 2831 1262 2890 sperae
1278 2815 1302 2873 si
1322 2831 1380 2874 non
1399 2815 1479 2875 Petri

336 2897 461 2966 Victori.
486 2907 567 2958 certe
590 2899 655 2958 eins
679 2916 782 2958 ritanus
804 2897 909 2958 similis
932 2906 990 2966 est,
1020 2899 1048 2956 in
1072 2915 1157 2958 usum
1180 2915 1279 2958 nietuu
1302 2906 1480 2960 convertere

335 2983 430 3058 potui:
454 3000 529 3060 qetac
553 2991 649 3042 tamen
673 2985 813 3062 quioniam
838 3001 896 3042 nou
919 3001 986 3042 rum
1012 2999 1032 3042 e
1054 2982 1148 3050 libro,
1176 2983 1227 3042 sed
1256 2999 1323 3043 mmo
1350 2983 1478 3043 deterio-

335 3065 417 3127 ribus
439 3067 571 3128 iontibus
593 3067 775 3128 corrcordant
802 3076 888 3147 atque
912 3068 954 3126 eis
977 3085 1011 3126 ex
1035 3075 1118 3145 praete
1142 3069 1227 3128 etiam
1258 3070 1375 3146 primes
1397 3079 1478 3138 sunt,

335 3151 477 3212 nraiorem
501 3160 614 3230 {tactem
638 3151 667 3211 in
691 3161 864 3232 arrpmatum
889 3153 1023 3213 criticum
1047 3171 1105 3212 uon
1129 3154 1279 3232 recipiam.
1303 3149 1308 3160 '

418 3251 545 3314 Onruiuo
568 3261 665 3313 autem
689 3255 855 3312 universam
885 3271 920 3311 ex
950 3253 1089 3314 rrrrruibus
1112 3253 1244 3315 sontibus
1273 3255 1346 3313 meis
1374 3253 1477 3314 iectio-

334 3355 402 3398 uum
428 3341 598 3399 serietatem
622 3338 738 3397 nonnisi
761 3356 855 3414 instrue
883 3337 918 3397 ad
944 3333 1025 3398 1254
1048 3356 1079 3407 a,
1106 3335 1158 3408 lt,
1191 3348 1220 3399 et
1250 3337 1292 3396 vei
1323 3357 1376 3416 per
1399 3339 1477 3400 bauo

332 3423 432 3502 operis
459 3426 571 3502 partem
600 3441 634 3481 ex
663 3423 755 3484 klno
789 3422 873 3482 libris
905 3419 1057 3500 complure
1085 3425 1340 3500 praetermittens,
1368 3423 1478 3482 deinde

332 3525 402 3566 vero
426 3509 527 3585 paucis
550 3507 639 3566 rebus
662 3508 1020 3584 utiuntissimis·exceptis
1048 3527 1082 3567 ex
1109 3509 1221 3584 optimo
1250 3516 1362 3568 tantum
1385 3525 1406 3567 e
1428 3529 1476 3569 co-

332 3593 395 3652 dice
419 3603 448 3650 et
470 3613 503 3652 ex
528 3591 721 3658 bcmtdlb..
746 3591 839 3652 sicubi
869 3591 981 3651 eisdem
1011 3590 1084 3652 iocis
1113 3599 1163 3652 aut
1186 3592 1288 3653 eadum
1313 3595 1341 3652 in
1365 3595 1408 3652 eis
1431 3601 1479 3652 est

331 3685 381 3736 atat
403 3677 457 3737 aiia
481 3677 694 3756 dise-repentia,
719 3684 851 3736 ceterum
877 3694 945 3736 vero
969 3695 1003 3735 ex
1027 3678 1070 3734 eis
1092 3694 1210 3756 quinque
1226 3676 1372 3738 deiectum
1389 3677 1477 3738 dum·

331 3771 409 3822 taxat
440 3760 598 3822 ieetiouum
631 3760 802 3840 divulgabo:
833 3763 922 3821 immo
953 3779 1057 3822 vereor
1085 3764 1179 3838 stragis
1207 3781 1245 3822 ιιιι
1267 3763 1354 3824 niueis
1383 3761 1475 3824 nudta

331 3863 417 3924 qrtem
442 3847 527 3906 uinus
551 3864 640 3924 proiice
665 3847 694 3905 iu
718 3864 785 3907 erent
810 3849 985 3924 receperim.
1033 3846 1086 3906 ilbi
1111 3855 1223 3914 aerteru,
1252 3848 1279 3907 id
1303 3848 1381 3927 ιμιιιιΙ
1405 3865 1477 3908 raro

330 3931 439 3990 iactum
463 3940 521 3996 est.
550 3939 652 3990 ιιιιιιιιιι
676 3933 806 3992 ιιιιιιιίιιιιι
835 3933 960 3990 sontium
990 3949 1123 3990 meorum
1152 3934 1357 3992 taciturnitatem
1385 3931 1475 3992 verbe

330 4014 474 4093 ‹puaeedam
502 4015 656 4084 ‹arrustitub
686 4034 719 4076 ea
751 4019 789 4076 ita
820 4017 895 4094 typis
923 4015 1115 4092 experimenda
1145 4016 1270 4084 curabo,
1301 4025 1333 4076 ut
1361 4019 1475 4076 nroiora

330 4101 408 4160 inter
436 4097 550 4159 litteras
578 4102 671 4178 spatia
702 4099 917 4180 relinquantur.
964 4100 1005 4162 be
1032 4102 1106 4161 loeis
1129 4101 1205 4162 inrud
1235 4102 1336 4179 pisticis
1366 4099 1477 4162 dubius

330 4186 422 4246 mensi
454 4202 687 4263 persuasumque
716 4184 787 4246 mibi
817 4195 874 4253 est,
909 4186 933 4244 si
968 4184 1015 4245 aiii
1050 4188 1136 4246 etiam
1167 4203 1246 4246 nuuc
1275 4193 1377 4246 extent
1405 4183 1477 4246 iibri

395 4451 439 4520 lt)
458 4455 531 4506 Loco
549 4469 631 4520 supra
649 4455 686 4518 (n.
704 4451 731 4520 5)
749 4455 845 4506 silete.
