3236 5086
1213 411 1294 465 XVII

147 567 266 644 isagoge
288 573 318 627 et
340 564 498 626 Alexandri
521 566 734 626 commentario
758 565 787 644 (l.
810 561 1005 642 rie-405),
1029 566 1293 626 commentationes

147 671 162 711 a
184 651 309 730 Syriano
338 649 375 709 de
402 651 669 732 llletaphpsicovum
697 650 780 711 libris
807 651 899 711 BM
916 651 949 710 N
976 651 1102 730 scriptas
1129 651 1159 726 (l.
1181 647 1291 710 410-

145 731 280 813 4llJ³⁰lz
304 733 494 796 subiciuntur
515 735 659 815 quaedam
677 735 713 796 de
735 736 915 815 providentia
936 733 967 814 (i.
983 731 1062 796 447*
1077 731 1180 814 448’);
1203 753 1290 816 quem

146 827 245 880 autem
269 819 304 880 ad
329 819 596 898 Mcupuysicorum
621 819 653 881 Γ
669 821 913 882 commentarium
944 821 1113 900 composuit
1134 819 1212 879 idem
1237 820 1292 900 Sy·

146 905 264 975 cianus,
300 903 406 982 legitur
440 923 506 964 cum
540 907 605 984 ipso
632 905 688 966 hoc
722 903 798 965 libro
831 912 861 965 et
888 904 1046 966 Alexandri
1077 907 1290 965 commentario

146 991 323 1050 coniunctus
352 990 382 1064 (i.
411 985 631 1068 ree-2891),
667 998 699 1049 ut
728 991 843 1071 Syriani
877 988 994 1051 libellus
1023 987 1201 1068 (depravari
1229 989 1290 1048 τοῦ

147 1069 329 1152 φιλοξείνου
346 1070 393 1145 είς
407 1068 445 1134 τὸ
465 1077 484 1149 ᾧ
499 1073 558 1153 τῆς
580 1068 663 1154 μετὰ
678 1068 718 1134 τὰ
735 1067 863 1154 φυσικὰ
886 1067 1122 1152 ἄριστοτίλους
1136 1089 1291 1153 πραγμα-

146 1157 237 1231 τείας
258 1154 391 1238 spodos)
415 1159 603 1228 interiorem,
635 1158 791 1220 Alexandri
821 1161 999 1220 exteriorem
1023 1157 1185 1236 marginem
1209 1176 1290 1218 com-

147 1243 240 1320 pleat,
270 1242 299 1303 id
323 1243 401 1322 quod
425 1242 563 1304 librarius
589 1243 621 1302 in
648 1244 730 1304 ealce
757 1245 1012 1304 commentationis
1044 1243 1080 1303 de
1103 1243 1130 1302 Β
1159 1243 1291 1321 scriptae

148 1324 418 1404 (attitulatione
441 1326 487 1388 luis
508 1327 605 1388 verbis
629 1327 802 1388 rubricatis:
832 1321 964 1407 ἐγράφη
991 1321 1031 1387 cal
1055 1323 1102 1397 είς
1122 1320 1160 1385 τὸ
1181 1327 1200 1404 ᾧ
1222 1326 1291 1386 τῶν

145 1403 229 1491 μετὰ
250 1404 291 1472 τὰ
313 1405 442 1490 φυσικὰ
464 1407 525 1472 τοῦ
547 1413 713 1491 συριανοῦ
735 1407 819 1491 ὅμου
841 1406 923 1491 μετὰ
946 1411 1004 1490 τῆς
1027 1405 1212 1490 ἐξηγήσεως
1231 1410 1292 1470 τοῦ

147 1489 357 1576 αλεξάνδρου
379 1491 484 1578 ταύτῃ
507 1489 630 1576 ὁμοίως
652 1497 789 1576 κείμενα
813 1493 851 1558 ἐν
871 1503 942 1569 τοῖς
963 1489 1041 1574 περὶ
1062 1489 1100 1555 τὸ
1124 1494 1291 1574 κείμενον.
1335 1505 1337 1510 ’

148 1581 219 1642 Post
240 1581 378 1650 llasium,
402 1581 584 1648 Beldrerum.
607 1581 750 1642 llilarium
773 1584 835 1661 ipse
859 1581 957 1642 ‹lenuo
980 1581 1058 1640 lrunc
1074 1579 1205 1641 codicem
1223 1599 1293 1642 con·

146 1665 217 1734 tuli,
247 1683 302 1727 nec
331 1667 462 1746 poenitet
491 1685 538 1726 me
566 1665 674 1726 laboris
702 1668 846 1746 suscepti,
875 1667 1013 1746 quoniam
1043 1665 1080 1724 ita
1109 1683 1167 1726 non
1197 1664 1292 1726 solum

147 1767 223 1828 quae
251 1751 477 1810 observaverint
511 1768 587 1830 quae
616 1752 800 1828 neglexerint
829 1752 883 1811 riri
913 1750 953 1811 illi
982 1749 1075 1819 docti,
1106 1767 1182 1826 quae
1212 1758 1292 1812 recte

145 1853 224 1914 qnae
247 1853 303 1897 non
327 1843 408 1896 recte
424 1834 566 1904 viderint,
591 1836 728 1914 inprimis
752 1836 801 1897 ubi
825 1835 861 1896 de
885 1835 995 1897 eisdem
1013 1835 1086 1895 locis
1109 1833 1224 1896 diversa
1248 1853 1294 1897 re·

147 1921 263 1988 lerunt,
288 1918 446 1996 diiigenter
469 1917 693 2000 examinare³¹)‚
723 1937 825 1981 verum
850 1922 937 1980 etiam
960 1927 1050 1980 totam
1075 1921 1185 1981 codicis
1207 1928 1293 1982 natu-

145 2021 210 2064 ram
234 2013 372 2067 accurate
396 2005 574 2082 perscrutari
598 2002 693 2070 licuit.
717 2005 745 2064 id
769 2005 847 2082 quod
871 2005 1006 2084 prolecto
1029 2007 1128 2081 magni
1151 2007 1294 2067 momenti

145 2097 222 2149 erat.
273 2087 405 2169 Namque
434 2106 493 2149 non
529 2088 640 2150 ideireo
668 2089 821 2150 dumtaxat
847 2089 922 2150 liber
951 2088 986 2150 ad
1022 2088 1110 2150 rerba
1139 2092 1294 2169 scriptoris

145 2181 230 2234 recte
251 2173 459 2235 constituenda
482 2173 641 2234 admodum
665 2174 744 2234 utilia
767 2183 826 2242 est,
855 2175 923 2254 quia
947 2172 1024 2235 haud
1048 2191 1117 2234 raro
1140 2182 1190 2235 aut
1212 2175 1293 2236 solus

144 2267 200 2320 aut
221 2275 280 2319 una
303 2275 369 2318 curn
386 2255 428 2318 1¹³
449 2276 532 2318 veras
555 2257 698 2320 lectiones
720 2259 860 2332 servavit,
884 2257 934 2319 ubi
958 2277 1012 2320 nos
1035 2257 1179 2320 deserunt
1200 2261 1293 2320 ceteri

144 2345 261 2412 lantes,
296 2342 348 2402 sed
377 2342 464 2404 etiam
495 2344 562 2422 quia
590 2341 663 2404 locis
699 2342 901 2424 compluribus
930 2361 984 2404 nos
1012 2351 1095 2403 arcet
1127 2343 1163 2405 ab
1198 2342 1293 2406 abusu

144 2435 279 2488 vetustae
302 2425 511 2488 translationis.
557 2427 739 2510 Quamquam
769 2429 847 2488 enim
876 2429 953 2508 apud
983 2427 1150 2490 Belrlrerum
1180 2430 1294 2490 variant

143 2509 220 2590 sigla
255 2529 323 2572 corr
351 2509 379 2572 lb
408 2522 438 2572 et
465 2530 497 2572 vc
525 2509 563 2582 1¹³,
593 2521 691 2574 tamen
720 2531 775 2592 ego
804 2513 923 2593 quidem
958 2519 1075 2594 praeter
1103 2522 1293 2591 argumento«

144 2615 214 2657 rum
248 2596 378 2665 indices,
412 2615 487 2677 quos
521 2615 574 2678 per
607 2599 734 2678 primum
768 2595 876 2658 librum
908 2600 939 2657 in
968 2599 1101 2675 margine
1135 2598 1293 2679 adscripsit

143 2681 240 2742 altera
270 2679 432 2760 manus³²),
467 2683 667 2744 recentiorum
697 2683 894 2743 additamenta
924 2701 1068 2762 nusquam
1097 2682 1291 2762 deprehendi,

216 2901 260 2965 30)
283 2901 325 2952 Ci.
349 2901 457 2952 Bonita.
481 2902 508 2950 in
532 2899 680 2951 Alexandri
702 2901 927 2966 Aphrodisiensis
956 2905 1134 2954 commentari
1156 2906 1184 2953 in
1207 2903 1293 2956 libros

143 2969 353 3034 metaphysicoa
371 2969 528 3018 Aristotelia
548 2968 676 3018 editionis
695 2967 797 3030 (Berol.
817 2968 1060 3034 mmcccxuvu)
1077 2987 1104 3036 p.
1126 2969 1164 3022 XI
1184 2977 1212 3022 et
1231 2971 1291 3026 ΧΠ.

143 3039 202 3100 Qui
221 3052 307 3102 nuper
324 3037 375 3087 iras
393 3037 502 3101 Syriaci
527 3037 772 3087 commentationes
793 3037 893 3101 edidit,
916 3038 1093 3088 Hermannus
1111 3039 1231 3102 Usener,
1249 3042 1294 3090 vir

79 3145 85 3156 t
142 3106 214 3156 mihi
230 3104 421 3165 amicissimus,
441 3119 494 3154 non
512 3105 601 3168 ipsum
618 3103 739 3154 codicem
758 3103 894 3166 adhibuit,
913 3106 961 3156 aed
980 3121 1033 3170 apo
1054 3105 1167 3172 raplrum
1186 3113 1293 3158 tautum

143 3173 221 3224 alius
242 3172 305 3222 libri
329 3171 448 3222 Parisini
470 3169 559 3236 (1896)
582 3187 600 3222 a
621 3171 767 3223 Brundisio
790 3172 895 3224 lactum
918 3179 947 3223 et
970 3121 1069 3224 dotale
1087 3175 1235 3226 secundum
1255 3173 1293 3226 P*

143 3245 313 3292 correctum:
331 3255 356 3290 v.
376 3254 448 3304 quae
465 3239 525 3304 ipse
543 3239 577 3289 da
596 3237 649 3290 huc
667 3255 695 3290 re
714 3240 858 3307 praelatus
876 3247 929 3292 est.

216 3337 260 3396 31)
284 3333 346 3395 Qua
368 3332 396 3380 in
415 3347 457 3389 re,
481 3329 507 3380 id
531 3331 602 3395 quod
625 3333 671 3384 vix
695 3333 879 3392 credideram,
905 3351 922 3384 a
941 3333 1070 3386 Belrkero
1092 3337 1292 3400 praetermissa

144 3417 210 3452 esee
230 3399 362 3451 nonnulla
380 3397 580 3462 animadverti,
605 3415 674 3464 quae
698 3401 751 3450 iam
771 3400 960 3466 Goettlingius
983 3417 1095 3466 prorsus
1117 3407 1193 3454 recta
1212 3419 1227 3453 e
1246 3420 1291 3455 co-

143 3469 203 3535 piis
216 3469 347 3518 Basienis
366 3467 555 3530 evulgaverat.
575 3467 702 3518 Ceterum
722 3468 839 3520 lectores
858 3468 906 3519 nbi
923 3469 981 3519 alia
998 3469 1070 3535 apud
1088 3485 1130 3521 me
1149 3473 1292 3523 invenient

144 3541 233 3600 atque
252 3537 323 3601 apud
344 3549 429 3602 'uniam
448 3538 496 3583 arat
515 3534 608 3598 plures
626 3551 731 3598 eorum,
751 3538 798 3601 qui
822 3542 905 3588 antea
924 3537 1033 3588 codices
1051 3535 1176 3586 P¹·²·⁸·⁴·⁵·
1196 3554 1292 3590 excus-

143 3610 256 3664 serunt,
280 3603 363 3653 etiarn
387 3609 471 3665 atque
495 3603 578 3652 etiam
596 3610 675 3668 peto,
695 3608 726 3654 ut
744 3605 811 3654 mihi
830 3605 980 3666 confidant,
1005 3604 1105 3670 quippe
1123 3607 1170 3671 qui
1192 3606 1228 3656 ab
1247 3607 1291 3658 his

144 3672 217 3721 viris
241 3670 330 3720 relata
353 3683 462 3734 semper
476 3684 540 3724 ‚eum
558 3671 627 3735 ipsis
649 3671 727 3722 libris
747 3677 775 3722 et
791 3673 852 3738 ipse
871 3673 1088 3738 comparaverim
1108 3677 1136 3722 et
1158 3687 1217 3724 eum
1242 3675 1291 3734 eia,

143 3739 194 3806 qui
214 3753 300 3788 meum
320 3739 348 3786 in
361 3751 444 3787 nevum
463 3736 583 3788 codicem
597 3739 720 3789 Demetri
738 3738 944 3805 Chaleondylne
962 3739 1151 3802 contulerunt,
1169 3746 1201 3792 ut
1220 3741 1291 3793 idem

145 3807 286 3868 lacerent,
305 3805 568 3856 communicaverim.

216 3897 261 3979 ΒΞ)
280 3915 304 3948 c.
319 3901 342 3949 1.
362 3899 427 3948 1252
441 3913 467 3956 a,
488 3884 637 3974 quq.qlr'rr
656 3888 674 3964 ἡ
694 3895 827 3966 πολιτικὴ
846 3891 983 3951 κοινωνία
995 3889 1113 3964 ἀγαθοῦ
1133 3915 1210 3960 τινος
1229 3895 1291 3954 lve-

144 3982 197 4018 κεν
216 3981 250 4018 ου
275 3959 398 4032 ἐφίεται.
441 3968 472 4018 18
490 3980 550 4031 aqq.
574 3962 660 4032 orr'q'
679 3959 813 4032 molirier)
836 3965 974 4018 κοινωνία
997 3958 1084 4031 φύσει
1108 3963 1157 4018 καί
1176 3959 1244 4020 ὅλον
1263 3987 1291 4021 τι

145 4026 291 4087 σύνθετον
310 4025 341 4086 ἐκ
359 4030 463 4110 peqr'av.
500 4049 523 4086 c.
541 4037 564 4084 2.
584 4036 649 4086 125³
667 4051 693 4094 o,
715 4039 746 4086 18
764 4051 823 4100 sqq.
842 4023 886 4086 ὅτι
906 4028 923 4100 ἡ
942 4025 1025 4094 πόλις
1044 4026 1131 4101 φύσει
1149 4028 1236 4101 rrprirs
1257 4054 1290 4088 ον

145 4097 242 4161 οίκίας
265 4099 315 4152 καλ
337 4117 392 4153 των
416 4090 488 4150 καθ’
509 4095 629 4153 ἕκαστον
648 4092 822 4168 ἀνθρώπων.
859 4105 890 4154 31
910 4117 970 4168 sqq.
990 4089 1037 4154 ὅτι
1058 4097 1175 4154 πάντων
1200 4055 1290 4172 χείρι-

145 4185 216 4220 στον
233 4159 393 4246 ἄνθρωπος
405 4165 559 4246 χειρωθεὶς
575 4160 671 4248 ἵνόμιον
689 4168 740 4222 καὶ
759 4169 852 4236 δίκης.
894 4187 917 4220 c.
935 4175 959 4222 3.
979 4173 1045 4222 iasa
1062 4172 1092 4232 b,
1113 4173 1124 4220 1
1145 4186 1205 4237 sqq.
1224 4171 1290 4249 περὶ

146 4233 349 4304 οἰκονομικῆς,
376 4253 393 4302 η
419 4237 487 4288 ολον
506 4253 533 4286 τι
552 4252 623 4288 cocu
641 4229 672 4290 la
690 4233 784 4304 μερῶν
803 4233 959 4304 συνέστηκε
977 4234 1149 4302 dracomaria
1167 4253 1291 4306 γαμικης

145 4301 197 4356 καὶ
216 4299 463 4370 τεκνοποιητικῇς.
501 4305 532 4354 14
545 4319 603 4371 rqq.
622 4303 687 4372 περὶ
701 4305 941 4373 χρηματιστικῆς,
961 4293 1094 4384 ἧςὲνεαα
1107 4303 1173 4372 περὶ
1187 4306 1290 4359 δεσπο-

146 4371 228 4431 τείας
245 4369 296 4424 καλ
317 4371 452 4431 δουλείας
469 4369 697 4452 rrpodtoprorloa.
734 4391 758 4424 c.
775 4377 800 4426 l.
818 4391 843 4426 v.
862 4377 896 4426 aa
913 4390 955 4440 aq.
973 4389 1018 4425 οτι
1035 4367 1053 4439 ἡ
1072 4367 1192 4440 κτητικὴ
1205 4371 1291 4442 piper

145 4439 198 4506 τῆς
216 4435 393 4506 οἰκονομίας.
428 4443 470 4492 32.
489 4457 534 4492 οτι
553 4432 568 4492 ὁ
588 4437 692 4502 δοῦλος
710 4441 805 4509 κτῆμα
818 4437 959 4509 ἔμψυχον,
995 4459 1018 4495 ο.
1030 4445 1054 4494 li.
1068 4443 1134 4492 lact
1146 4459 1171 4506 a,
1185 4446 1217 4495 lt
1230 4459 1288 4512 sqq.

198 4529 307 4574 Armor-
320 4531 349 4573 σε
362 4541 386 4574 ra
399 4531 462 4588 publ.
1068 4527 1085 4580 b
