3236 5086
1260 355 1335 408 va

183 503 307 572 <την>3
331 505 454 570 Suscru,
479 507 515 561 ci.
537 512 629 557 tomen
652 506 720 558 Bou.
739 506 758 556 l.
776 507 793 558 l.
812 522 838 571 p.
861 509 909 558 103
924 507 954 569 b,
972 509 1005 558 44
1022 523 1079 574 sqq.
1101 505 1111 573 l
1132 511 1156 560 3.
1176 499 1335 560 ἀπολαύειν
1409 511 1411 522 '

186 575 250 624 fort.
265 589 333 626 uere
351 580 395 626 est
412 575 510 640 lectio,
530 575 567 627 ci.
578 574 722 626 Bouitrius
740 574 788 630 11.
801 577 834 640 ἰ).
847 577 881 626 33
899 592 930 638 ιι,
948 578 1036 640 dsqq.
1056 581 1084 626 et
1103 575 1159 626 ind.
1180 591 1293 642 gramm.
1313 594 1334 628 s.

184 641 212 692 h.
230 657 256 692 v.
281 639 292 708 l
317 644 341 693 7.
365 636 418 708 μὲν
442 629 494 693 ούν
512 669 545 679 -
563 645 587 694 3.
608 637 653 707 δι’]
681 643 706 693 ei
728 643 818 693 muris
840 659 901 695 curn
924 643 1077 695 Schmidtio
1100 639 1133 694 δὲ
1153 671 1184 680 -
1203 638 1257 710 μὲν
1282 631 1334 696 ούν

184 724 266 773 quern
289 725 394 762 mecum
418 703 452 761 δὲ
470 735 504 746 -
522 705 560 775 δή
585 711 747 775 restituere,
771 709 833 761 colo
856 715 976 769 tentum,
1000 726 1055 761 nou
1082 717 1184 776 puncto
1208 717 1272 778 poet
1296 715 1335 762 13.

184 768 270 843 χάριν
289 778 543 844 interpungendum
562 785 618 830 est:
639 783 760 829 ceterum
779 779 967 829 coniecturum
985 794 1072 830 meum
1090 778 1269 844 improbavit,
1287 779 1335 832 sed

184 859 238 894 non
262 845 317 896 elio
340 846 463 897 eiusdem
487 845 596 912 generis
621 846 745 912 exemplo
772 845 859 897 ellxto
883 845 956 910 (num
979 851 1078 914 aperte
1100 847 1174 898 inter
1197 863 1227 898 se
1251 863 1334 913 oppo-

184 917 288 964 nuntur
305 916 328 965 3.
348 903 421 972 ὅλως
440 917 469 964 et
485 915 511 964 6.
529 905 666 980 μάλιστα)
686 915 822 965 refutavit
838 913 982 966 Bonitziue
1001 915 1019 964 Ι.
1032 915 1050 967 Ι.
1071 930 1096 980 p.
1116 916 1166 966 540
1184 915 1210 978 b,
1229 917 1261 966 td
1279 931 1335 980 sq.:

184 981 310 1030 nimirum
329 982 358 1032 iu
377 997 496 1032 errorem
520 982 663 1033 coniectus
687 988 731 1034 eet
754 981 827 1033 sulse
851 982 971 1034 lectione
994 985 1018 1032 3.
1037 975 1228 1048 ἀπελαύνειν,
1253 998 1333 1048 quoru

185 1053 297 1101 secutus
324 1065 380 1100 non
404 1051 495 1114 potnit
518 1065 573 1100 nou
598 1053 697 1116 putere
725 1043 779 1116 μὲν
802 1034 855 1102 οὖν
878 1055 907 1100 et
929 1065 954 1102 v.
971 1052 996 1101 4.
1020 1055 1048 1101 st
1070 1067 1095 1103 v.
1119 1053 1142 1101 7.
1165 1050 1201 1101 ed
1224 1055 1333 1101 senten·

182 1117 250 1166 tieru
274 1133 299 1168 v.
323 1119 338 1165 2
362 1132 402 1181 sq.
427 1120 633 1182 pronuntiatem
665 1117 782 1183 emplius
805 1117 995 1182 explicandum
1023 1120 1175 1184 pertinere,
1203 1133 1264 1168 curn
1292 1133 1334 1168 re·

184 1199 251 1248 epse
270 1200 337 1236 vere
355 1185 494 1250 scripture
512 1177 671 1251 ἀπολαβεῖν
693 1191 743 1235 eut
757 1175 918 1236 ἀπολαύειν
930 1187 1061 1237 restitute
1079 1185 1123 1236 hic
1140 1175 1217 1236 locu‘s
1236 1203 1251 1236 e
1269 1186 1335 1236 telis

182 1266 248 1301 usus
267 1253 399 1318 exemplis
418 1253 579 1304 eximendus
597 1255 635 1304 sit
652 1258 680 1302 et
697 1255 722 1308 4.
742 1239 795 1303 ούν
814 1254 1017 1304 consecutivam
1034 1254 1126 1318 potius
1143 1253 1334 1318 vimhebeet31

185 1321 226 1370 10.
247 1319 282 1370 ed
300 1320 489 1372 coniecturum
507 1335 585 1370 suern
604 1315 714 1379 αἰκίαις
726 1320 895 1386 probandum
909 1321 1118 1387 lexicographos
1136 1316 1237 1372 αἰκίαν
1250 1322 1334 1372 inter·

184 1388 290 1451 pretori
309 1387 398 1438 solere
416 1387 551 1438 vocabulo
569 1379 665 1454 πληγή
688 1393 782 1439 monet
798 1387 979 1450 Schmidtius,
1002 1387 1075 1438 uode
1094 1390 1148 1439 etsi
1166 1389 1251 1439 iecile
1270 1405 1335 1440 con-

184 1454 282 1505 cludes
299 1451 351 1505 ιιαί
368 1455 493 1521 πληγαῖς
511 1457 598 1506 verbe
616 1461 711 1520 utpote
730 1471 745 1505 e
764 1453 931 1522 glossemate
949 1455 1067 1506 oriundo
1086 1471 1146 1506 curn
1163 1455 1334 1506 Schneidero

184 1536 247 1572 esse
271 1522 454 1585 secludenda,
477 1538 558 1590 posse
581 1528 676 1573 temen
702 1523 814 1584 uberius
837 1523 942 1574 dixisse
967 1523 1143 1575 Aristotelem
1168 1520 1279 1583 αἰκίαις
1300 1549 1334 1560 -

182 1587 233 1640 nul
254 1589 392 1655 πληγαῖςι
418 1589 515 1654 eudio,
543 1596 573 1641 et
596 1606 685 1640 nonne
709 1585 811 1641 αἰκίαν
835 1589 926 1654 („eine
948 1589 1141 1656 Ronlinjurie“
1163 1592 1209 1643 vel
1233 1593 1333 1656 „diiss-

184 1657 356 1723 hendlung‘¹)
375 1660 399 1708 is
417 1662 524 1709 tontum
543 1659 660 1724 patitur,
679 1659 726 1723 qni
745 1659 846 1709 iniusto
865 1659 997 1722 vapulet?

251 1726 399 1776 Praetereo
417 1726 485 1776 locis
504 1727 601 1778 citetis
620 1725 689 1776 edde
708 1726 771 1776 hos:
797 1729 862 1779 1334
879 1743 911 1788 e,
932 1729 971 1780 15.
993 1719 1144 1793 πολλάκις]
1165 1743 1189 1778 c.
1209 1729 1248 1778 14.
1268 1730 1333 1778 1333

182 1809 209 1856 ιι,
229 1795 263 1845 33
281 1808 340 1859 sqq.
362 1795 428 1845 1334
445 1810 471 1856 ει,
489 1795 504 1844 3
523 1808 582 1859 sqq.

676 1963 746 2016 LIB.
765 1963 840 2016 vm.

251 2098 351 2150 Totum
368 2098 442 2150 huuc
459 2098 559 2150 librum
577 2113 632 2150 nen
656 2099 712 2164 ipsi
733 2099 880 2151 Aristoteli
903 2099 1076 2152 tribuendum
1098 2116 1159 2152 esse
1183 2101 1333 2155 verisimile

181 2166 290 2218 videtur
308 2164 458 2218 Niebuhrio
476 2166 565 2232 (Rem.
583 2166 701 2218 Altsrth.
722 2184 748 2233 p.
767 2169 818 2218 373
834 2166 929 2231 lsler),
946 2167 979 2218 de
999 2169 1081 2218 trium
1101 2170 1221 2235 cupitum
1240 2175 1331 2236 poste-

182 2236 284 2286 riorum
308 2236 412 2286 mniore
435 2239 514 2301 perte
538 2235 633 2286 eodem
655 2234 748 2299 modo,
772 2235 825 2286 nisi
851 2235 945 2298 fallor,
973 2236 1077 2286 iudicet
1104 2236 1243 2288 lirohniue
1266 2238 1294 2300 (l.
1313 2237 1331 2288 l.

181 2318 208 2367 p.
225 2304 259 2353 37
282 2301 351 2367 sq.),
376 2308 453 2354 certe
477 2303 568 2353 omnin
592 2319 638 2364 ee,
665 2305 695 2352 in
723 2303 823 2368 quibus
850 2303 883 2353 de
906 2304 1069 2370 purgatione
1093 2309 1121 2356 et
1143 2304 1332 2358 enthusiasmo

181 2385 271 2420 sermo
290 2376 345 2428 est,
365 2371 400 2421 eb
419 2370 569 2422 Aristotele
588 2367 756 2438 abiudicntll
769 2372 833 2422 1337
853 2387 877 2432 ε,
899 2374 939 2426 11.
959 2373 987 2422 in
1006 2377 1084 2422 textu
1103 2377 1166 2438 poet
1184 2361 1332 2442 ἀμφισβη-

181 2429 297 2514 τήσειεν
323 2453 372 2503 pro
391 2438 541 2505 colopene
560 2453 665 2488 comme
685 2435 696 2503 Ι
717 2441 759 2490 34.
782 2440 809 2488 in
828 2454 887 2488 ver.
906 2437 971 2489 lect.
990 2455 1038 2505 pro
1056 2456 1158 2500 κοινως
1178 2440 1254 2506 lege:
1273 2457 1332 2494 κοι-

181 2521 239 2565 νας
251 2504 262 2570 l
274 2506 302 2567 b,
320 2508 345 2556 6.
365 2506 393 2555 in
411 2508 485 2556 notis
503 2521 552 2572 pro
572 2506 682 2568 13331),
700 2509 742 2556 35.
762 2504 837 2572 lege:
858 2508 923 2558 1333
935 2507 962 2572 b,
981 2510 1013 2558 37
1027 2505 1037 2573 l
1051 2509 1090 2561 11.
1108 2497 1127 2574 ἢ
1147 2501 1200 2574 τὴν
1219 2501 1330 2576 ψυχὴν,

181 2574 238 2624 nisi
256 2572 351 2636 fallor,
374 2571 438 2624 olim
455 2575 536 2624 veris
557 2571 641 2624 lectio
665 2574 719 2623 iuit
736 2589 785 2653 oro
808 2562 828 2638 ἢ
846 2567 900 2640 τὴν
919 2568 1057 2626 διύνοιαν
1079 2572 1089 2640 l
1112 2577 1154 2628 35.
1183 2578 1278 2628 nescio
1297 2594 1332 2628 en

181 2646 275 2690 rectus
294 2642 330 2691 eit
348 2641 413 2692 ordo
430 2643 575 2693 verborum
598 2639 649 2692 δεῖ
667 2657 823 2700 ποιοοντας
846 2658 863 2692 e
886 2641 925 2690 31·
947 2640 984 2691 P¹
1009 2647 1037 2692 et
1060 2659 1113 2709 rng.
1134 2641 1172 2693 1³⁴
1194 2644 1306 2696 oblutus
1323 2643 1333 2711 {l

184 2710 250 2766 1333
268 2725 294 2770 ιι,
314 2711 354 2759 16.
374 2706 423 2759 sul
441 2705 514 2775 πρὸς
531 2701 663 2776 μάθησιν
682 2709 825 2760 verberum
844 2710 868 2759 ei
886 2709 1030 2775 prebende
1055 2719 1098 2760 est
1116 2714 1295 2776 transpositio
1315 2729 1332 2762 e

181 2777 332 2826 Schmidtio
352 2778 508 2842 preposite,
528 2777 647 2828 sortasse
666 2792 719 2826 non
738 2791 808 2841 opus
827 2783 869 2828 est
888 2777 1034 2842 quidquem
1053 2779 1081 2826 in
1101 2780 1142 2828 eis
1156 2785 1270 2842 mutere,
1283 2781 1331 2830 sed

181 2841 288 2894 suflicit
305 2841 355 2895 ιιοιί
373 2844 517 2895 secludere
530 2843 540 2910 ΙΙ
555 2847 593 2895 17.
611 2835 699 2908 (ούδ’
718 2832 812 2912 ὥσπερ
830 2837 848 2910 ἡ
869 2837 1020 2910 γραφική)
1038 2843 1136 2907 (δοκεῖ
1149 2872 1183 2881 -
1204 2851 1242 2898 19.
1263 2839 1330 2898 κάλ-

182 2912 257 2974 λιον)
275 2911 426 2962 anbinns
443 2911 453 2978 l
471 2905 504 2962 dl
524 2909 584 2978 ναί]
602 2904 657 2978 γὰρ
676 2911 827 2962 Lambinus
843 2911 853 2976 l
876 2915 901 2972 b,
920 2915 959 2963 33,
979 2913 1111 2963 traditum
1130 2913 1252 2964 ordinem
1271 2931 1333 2966 ver-

183 2981 278 3030 borum
297 2980 397 3030 retinui
416 2977 532 3030 eundem
551 2980 580 3029 in
598 2994 631 3030 eo
649 2993 759 3030 sensum
778 2981 869 3031 inesse
888 2979 1019 3036 confisos.
1040 2995 1119 3046 quern
1139 2984 1333 3047 transpositio·

181 3047 262 3097 nibus
280 3049 338 3098 suis
356 3048 504 3098 restituere
524 3049 616 3098 coneti
635 3052 699 3097 eunt
716 3048 830 3097 Reinius
848 3054 876 3097 et
894 3047 1060 3112 Speugclius
1078 3046 1088 3114 fl
1109 3051 1174 3100 1339
1192 3065 1218 3114 e,
1238 3052 1279 3102 34.
1298 3051 1331 3101 de

83 3161 94 3180 ‚
181 3107 332 3165 δύνασθαι
357 3120 445 3176 reete,
467 3121 500 3165 ut
520 3115 643 3177 videtur,
668 3113 849 3165 Schmidtins:
876 3107 1050 3178 ‚simonae
1076 3114 1187 3183 κρίνειν
1212 3117 1332 3168 voluisse

183 3182 378 3260 ‚videturniu
403 3183 449 3247 qui
472 3179 636 3233 vocobulum
659 3179 776 3232 intulit“
799 3182 848 3246 (ci.
872 3183 902 3241 b,
923 3181 979 3262 llll
998 3183 1031 3258 ξι,
1054 3185 1095 3238 41.
1120 3185 1148 3261 in
1171 3187 1250 3260 notis¹
1269 3191 1331 3264 uest

203 3253 293 3315 φαῖεν
311 3267 349 3300 ιιν
368 3248 454 3314 δεῖν)
472 3250 504 3300 ei.
524 3249 691 3300 scnmiduue
709 3248 792 3299 udde:
810 3247 920 3314 (φαῖεν
939 3266 976 3300 αν
995 3267 1039 3302 οτι
1058 3251 1195 3328 φιλονοιν
1214 3251 1329 3320 aucun>

182 3311 234 3368 διὰ
252 3317 296 3370 vel
320 3318 409 3368 simile
428 3317 493 3383 quid
516 3319 550 3367 ci.
570 3317 675 3368 Susum.
699 3321 727 3368 ct
751 3316 826 3367 dele:
851 3311 944 3382 μόνην
963 3315 1121 3436 <rinconi
1145 3308 1261 3384 αὐτὴν)
1284 3319 1329 3371 vel

182 3385 274 3436 simile
293 3385 357 3462 quid
378 3386 412 3435 ci.
432 3381 658 3462 tensendum
674 3399 704 3448 e,
724 3386 764 3434 13.
790 3385 817 3434 in
842 3390 908 3434 note
932 3385 966 3434 od
1000 3403 1028 3436 re
1046 3379 1263 3464 dl'pertiuente
1282 3402 1330 3466 pre

183 3457 223 3506 13,
244 3453 337 3518 μελων
356 3453 432 3518 lege:
452 3455 491 3509 14.
510 3467 606 3502 uetes
619 3449 629 3516 l
642 3453 668 3514 b,
687 3453 730 3502 36.
750 3453 778 3501 iu
795 3467 853 3504 ver.
867 3451 932 3502 lect.
952 3468 1001 3518 pro
1020 3469 1145 3518 αοχοτοο
1164 3454 1225 3588 lege
1244 3470 1331 3520 αρχο-

180 3537 233 3572 τοο
254 3519 265 3586 ΙΙ
287 3523 350 3572 1341
372 3522 401 3584 b,
420 3523 462 3574 40.
486 3521 514 3569 in
533 3523 589 3570 not.
613 3535 662 3584 pro
686 3522 739 3570 καί
759 3517 820 3586 le'ge
844 3515 893 3570 sul
915 3517 925 3586 l
947 3523 1012 3571 1343
1031 3522 1057 3583 b,
1076 3523 1119 3572 33.
1134 3511 1189 3586 (ού
1235 3521 1331 3582 ιιαλιός

180 3588 331 3654 „quidem“
352 3603 398 3654 sp.
416 3587 590 3638 Lembinnm.
1380 3597 1389 3610 ,

686 3757 757 3814 ΙιΙΒ.
775 3757 822 3811 IV.

254 3897 319 3950 1338
337 3895 364 3960 b,
382 3897 415 3974 34
432 3911 474 3962 sq.
492 3885 703 3995 ἀῖμύπεοοοοιν.
724 3893 775 3948 δεῖ
789 3887 865 3962 (dl)
882 3891 1032 3961 γνωρίζειν
1051 3885 1088 3954 ἀς
1108 3895 1310 3964 ο1.ΗεωρΙιίαε
1322 3897 1331 3964 ΙΙ

183 3967 247 4016 1331
269 3981 295 4024 ο,
313 3967 355 4016 39.
374 3981 429 4032 γαρ
448 3981 465 4014 n
484 3964 513 4015 Π
545 3962 669 4015 additum
688 3965 742 4014 etsi
760 3965 855 4014 neseio
874 3979 909 4014 en
928 3979 962 4014 ex
981 3963 1077 4014 eedem
1095 3964 1232 4028 particulo
1249 3981 1275 4018 v.
1287 3969 1329 4020 30.

180 4039 316 4098 sequente
334 4049 384 4099 per
401 4031 616 4098 dittographieur
635 4039 724 4108 ortum
743 4033 791 4090 sit,
811 4031 930 4082 fortusse
949 4036 1043 4081 temen
1062 4047 1117 4081 uon
1134 4031 1331 4084 secludendum

180 4101 250 4150 mihi
269 4105 343 4165 eret,
364 4100 414 4151 sed
432 4099 535 4150 laeuus
557 4105 623 4150 ente
647 4092 736 4152 eedlv
759 4099 923 4160 statuendo,
948 4097 1033 4148 ieeile
1060 4100 1132 4150 enim
1155 4091 1243 4152 ούιλέν
1265 4115 1331 4152 oue

180 4166 295 4234 ποῦμεν
321 4168 367 4219 vel
394 4168 482 4218 simile
509 4167 573 4232 quid
600 4172 693 4232 potest
715 4167 863 4218 excidisse:
891 4181 927 4216 on
953 4181 985 4232 γε
1009 4167 1138 4218 conicere
1162 4171 1304 4234 praestet?
1322 4184 1331 4234 ἲΙ

182 4238 250 4286 1333
270 4251 295 4300 e,
316 4238 356 4288 13.
375 4251 424 4286 cur
441 4235 605 4302 Sylbnrgins
623 4249 648 4284 v.
671 4235 711 4284 16.
732 4229 919 4292 δεσποοτιιιύς
944 4235 1109 4298 coniecerit,
1131 4236 1258 4300 proiecto
1276 4252 1331 4288 nou

182 4293 331 4368 assequor?
351 4311 449 4355 contre
472 4319 497 4356 v.
516 4306 556 4354 13.
577 4301 694 4354 offendit
715 4303 862 4368 genetivus
885 4299 941 4354 τῶν
964 4295 1120 4368 βελτιόνων
1144 4319 1204 4354 cum
1227 4302 1330 4356 δεσπο-

181 4365 250 4424 τιιιά
272 4371 449 4435 coniunctus,
469 4375 498 4422 et
510 4370 571 4422 leco
583 4370 669 4422 simili
682 4369 735 4435 ΙΙΙ,
754 4371 779 4422 3.
800 4372 864 4422 1373
878 4370 904 4435 b,
919 4371 949 4420 16
962 4385 1004 4435 sq.
1024 4368 1168 4436 μοναρχία
1181 4397 1213 4406 -
1225 4369 1330 4424 deene-

234 4463 341 4504 Διιιτοτ.
356 4463 385 4504 de
398 4473 423 4503 re
436 4462 499 4512 publ,
1111 4471 1126 4508 c
