3236 5086
1249 425 1327 476 LVII

182 572 333 652 simulque
355 573 413 632 iam
438 590 508 632 usus
531 579 576 632 cst
598 569 766 651 primam),
789 571 841 632 sed
865 570 958 632 libere
982 573 1116 635 adhibuit
1144 583 1173 636 et
1200 577 1275 638 hatte
1299 589 1329 639 et

182 660 264 719 illam
293 656 445 738 multaque
479 659 509 718 in
540 665 664 736 utraque
699 657 819 718 mutavit
850 663 879 716 ct
913 661 1042 718 correxit
1070 661 1105 720 ad
1134 680 1219 722 suum
1249 662 1327 723 arbi·

181 746 288 812 trium,
311 742 459 822 siquidem
483 743 628 803 Graecum
652 743 804 821 exemplar
832 751 900 801 ante
927 743 1027 803 oculos
1050 743 1188 805 habuisse
1213 748 1329 809 videtne

182 828 306 889 nullum.
365 827 418 886 vu
454 829 533 887 enim
567 827 676 906 alioqui
711 845 736 886 v.
770 825 826 886 121
857 843 919 905 sqq.
955 829 1137 889 entmtiatum
1172 831 1243 892 nulli
1277 834 1327 894 alii

184 913 338 974 enuntiato
367 910 527 972 obnoxium
551 929 666 980 ..nemo
694 914 773 971 enim
802 910 897 988 diligit
933 931 987 972 nec
1015 915 1139 974 miratur
1169 927 1326 995 nuquam“

185 997 228 1058 vel
259 1015 371 1066 „nemo
401 997 479 1056 enim
516 1015 611 1076 neque
647 997 750 1075 diliget
777 1031 818 1041 -
847 1012 944 1076 neque
978 995 1135 1058 mirabitur
1168 1009 1326 1078 unquam“

183 1085 212 1143 in
248 1082 445 1142 accusativum
481 1099 548 1141 cum
581 1081 726 1142 infinitivo
761 1079 903 1150 „nullum
943 1082 1019 1141 enim
1059 1085 1102 1143 sic
1136 1103 1235 1146 amare
1271 1105 1327 1147 nec

184 1170 288 1227 mirari
329 1168 477 1243 inquam“
512 1173 723 1228 commutasset
757 1173 881 1244 propter
917 1165 1027 1226 nullam
1062 1167 1147 1228 aliam
1181 1189 1325 1240 caussam.

183 1253 239 1313 nisi
275 1253 341 1330 quia
373 1251 546 1328 ,‚inqnam“
576 1269 630 1330 piro
665 1260 846 1331 ‚‚unquam“
878 1251 988 1310 invenit
1023 1253 1051 1311 in
1088 1253 1230 1333 exemplis
1267 1259 1327 1318 suis

183 1335 305 1396 Latinis.
362 1333 446 1406 Quod
481 1338 506 1395 si
540 1355 565 1395 v.
595 1333 644 1396 91.
680 1335 776 1416 σῶμα
809 1337 909 1404 vertit,
945 1334 995 1395 ulti
1031 1339 1146 1415 primns
1178 1341 1327 1420 interpres
1415 1391 1420 1402 .

182 1417 314 1501 σπέρμα
342 1419 427 1498 legit,
456 1439 472 1480 e
500 1420 627 1481 secunda
661 1419 868 1490 translatione,
898 1426 931 1479 ut
963 1439 1039 1500 qnae
1072 1440 1107 1482 ex
1141 1422 1198 1483 alio
1227 1425 1328 1486 codice

183 1643 219 1693 od
238 1658 319 1707 quam
338 1643 447 1691 animae
472 1655 565 1690 semen
592 1641 692 1706 quippe
727 1656 776 1706 pro
811 1656 920 1693 suorum
947 1641 1032 1692 multo
1051 1645 1139 1708 magis
1158 1660 1206 1708 pro
1222 1645 1286 1695 tiliis
1300 1653 1329 1698 et

184 1713 354 1761 consumitur
376 1707 441 1773 qnid
470 1709 493 1756 ni
517 1724 565 1774 pro
592 1707 706 1759 liliorum
720 1714 854 1760 metrone
872 1725 921 1758 nn·
947 1712 1327 1777 matreetnutriee‚cdqunm

183 1780 241 1828 anis
259 1777 356 1828 liberis
375 1782 461 1826 matre
481 1780 565 1840 atque
594 1777 676 1839 trice,
705 1778 733 1826 in
758 1793 837 1841 quam
863 1778 921 1826 nni·
948 1777 1056 1827 animae
1076 1793 1169 1829 semen
1191 1782 1327 1832 consumi·

182 1847 291 1900 nutrice
309 1859 401 1895 nonne
413 1859 492 1894 omne
511 1849 567 1893 stit·
593 1860 652 1895 mae
666 1860 760 1894 semen
777 1844 921 1910 dispensa·
947 1850 1004 1906 tur,
1033 1860 1111 1896 omne
1138 1847 1257 1899 studium
1286 1855 1329 1899 eet

183 1913 258 1964 dium
277 1918 321 1964 est
338 1911 516 1963 leniendum?
593 1917 650 1974 tur,
670 1913 756 1962 omnis
775 1919 922 1978 operaest
949 1913 1114 1965 laciendum.

594 1980 760 2031 adhibenda.

364 2051 386 2098 t.
744 2050 768 2098 2.
1124 2053 1149 2101 3.

183 2115 404 2182 appropinquare
428 2131 495 2166 vero
522 2117 564 2166 de·
592 2115 746 2166 habendum
770 2131 835 2165 vero
862 2131 920 2166 mu·
948 2116 1223 2181 appropinquandum
1235 2127 1327 2172 eutem

183 2190 231 2235 cet
253 2186 313 2234 eins
334 2185 412 2234 oxori
435 2199 495 2233 enm
519 2183 565 2232 ho·
591 2184 651 2233 lieri
675 2179 785 2249 eu<ee)
806 2183 921 2234 honeste
947 2185 1025 2234 uxori
1050 2199 1117 2234 once
1144 2187 1270 2240 ordinate
1300 2195 1328 2238 et

183 2257 296 2302 aestate
327 2259 355 2302 et
386 2267 446 2301 cnm
479 2250 566 2300 mtilta
592 2267 625 2301 ne
644 2250 778 2301 modetia
791 2250 919 2315 (multa)
948 2266 1007 2301 cnm
1031 2251 1116 2304 multo
1141 2254 1327 2306 moderamine

183 2319 565 2370 modestiaettimoredando
593 2325 621 2368 et
647 2318 750 2384 pudore
780 2334 921 2369 sermones
947 2323 976 2368 et
999 2318 1101 2382 pudore
1128 2324 1214 2373 verba
1242 2324 1327 2374 etiam

182 2390 270 2438 verbe
284 2388 486 2438 coniunctionis
506 2387 565 2437 eius
592 2386 839 2438 ettaexlaibentem
848 2386 919 2436 bene
947 2390 976 2436 et
988 2388 1264 2440 communicationem
1279 2394 1328 2441 tri·

183 2455 231 2521 qni
248 2455 315 2506 bene
334 2455 420 2506 habet
443 2471 476 2505 ac
494 2454 566 2504 liciti
591 2454 719 2505 habentis
742 2459 771 2505 et
787 2450 921 2520 (operio)
946 2453 1076 2504 buentom
1104 2457 1164 2507 eius
1187 2460 1234 2522 qni
1257 2459 1327 2510 bene

182 2525 276 2588 operis
295 2529 324 2574 et
340 2523 459 2583 honesti,
478 2521 566 2572 multe
592 2522 699 2588 pudici,
730 2521 817 2572 multo
846 2537 921 2571 mon·
946 2521 1029 2572 habet
1046 2527 1075 2571 et
1098 2527 1189 2588 operis
1211 2524 1328 2588 honesti,

182 2589 317 2642 modestia
335 2597 363 2642 et
382 2591 433 2640 tide
452 2590 564 2651 utendo,
591 2588 754 2654 enet<ndine
782 2588 830 2655 et>
857 2588 920 2639 tide-
946 2589 1035 2640 adulte
1061 2593 1271 2643 mansuetudine
1299 2600 1329 2645 et

181 2675 272 2724 pam
284 2659 392 2724 quidem
408 2663 565 2723 spontanea
591 2658 671 2708 litote
690 2662 827 2720 utentem,
850 2657 919 2707 invi·
946 2655 1082 2708 fidelitate
1094 2664 1225 2723 utentem,
1237 2677 1329 2712 eoram

182 2726 350 2778 remittendo
371 2731 495 2793 peecata.
591 2731 678 2775 torona
703 2730 732 2775 et
754 2723 919 2775 modicorum
948 2729 1039 2776 nutem
1063 2742 1133 2790 quae
1157 2744 1210 2779 non
1233 2736 1329 2794 sponte

591 2797 765 2859 peccatorum
781 2792 920 2858 indulgen·
948 2797 977 2842 et
989 2808 1133 2857 parvorum
1151 2803 1327 2861 peecatorum

590 2862 657 2910 tiam
676 2861 832 2912 habentem.
870 2885 872 2888 ·
947 2859 1147 2926 indulgentiam
1157 2864 1328 2916 tribuentem.

254 2963 313 3027 1⁷⁴)
339 2965 449 3015 Docent
471 2964 524 3015 hoc
546 2963 641 3014 eedem
669 2961 809 3029 exemplo,
837 2967 982 3028 praetereo
1009 2966 1102 3013 autem
1126 2965 1162 3015 cl.
1186 2980 1212 3016 v.
1231 2967 1263 3017 ta
1286 2982 1327 3032 sq.

181 3037 217 3085 99
235 3047 275 3097 sq.
295 3035 341 3082 121
360 3047 432 3097 sqq:

364 3103 377 3149 1
744 3101 760 3148 2
1125 3103 1141 3150 3

183 3184 264 3219 orare
284 3167 391 3234 quidem
411 3169 495 3232 igitur
518 3169 565 3217 de·
592 3182 669 3216 orare
697 3165 806 3231 quidem
837 3167 922 3231 igitur
949 3181 1026 3216 ornre
1046 3166 1153 3231 quidem
1169 3183 1234 3232 ergo
1246 3168 1329 3219 decet

183 3242 231 3287 cet
248 3238 276 3286 in
295 3235 463 3286 adversitate
477 3237 563 3286 virum
592 3239 702 3300 oportet
725 3237 753 3284 in
778 3233 854 3284 nullo
878 3235 920 3283 in·
947 3234 976 3282 in
990 3233 1158 3285 adversitate
1171 3237 1259 3286 virum
1275 3251 1328 3287 non

182 3320 239 3354 non
257 3305 411 3369 pervenire.
590 3301 921 3352 fortunatumvirnmfieri
948 3303 1100 3366 pervenire.

591 3367 661 3434 (fleri
677 3373 791 3420 moritum
808 3369 895 3432 Fert.)

183 3507 245 3556 nine
269 3505 438 3558 verecundie
461 3513 489 3558 et
516 3523 566 3573 pn·
593 3507 697 3571 absque
723 3506 864 3571 vituperio
895 3509 923 3556 et
948 3505 1008 3555 sine
1035 3505 1202 3558 verecundie
1225 3511 1253 3558 et
1279 3524 1329 3572 pu-

183 3575 261 3625 dore.
593 3573 737 3625 dedecore.
948 3572 1022 3623 dore.

365 3643 388 3691 1.
744 3645 768 3692 2,
1125 3645 1149 3692 3.

183 3725 265 3761 nemo
291 3710 362 3761 enim
392 3708 484 3776 diligit
513 3726 565 3760 nec
592 3725 672 3760 nemo
691 3710 763 3760 enim
776 3725 864 3775 neque
882 3708 921 3758 di·
948 3707 1051 3758 nullum
1075 3711 1145 3759 enim
1170 3710 1210 3759 sio
1234 3727 1327 3762 amare

184 3779 302 3828 miretur
313 3793 433 3842 unquam
446 3779 565 3842 peiorem
592 3777 662 3843 liget
696 3793 784 3842 neque
817 3777 922 3828 amobit
948 3791 1000 3825 nec
1029 3775 1123 3827 mirari
1159 3777 1269 3843 inquam
1298 3795 1328 3830 ce

184 3861 237 3896 nec
253 3847 565 3912 timetetiamenmpu·
592 3859 682 3910 neque
706 3845 854 3894 mirabitur
874 3861 922 3894 iun·
948 3845 1070 3908 peiorem
1087 3860 1138 3896 nee
1154 3846 1248 3895 timere
1268 3863 1328 3897 enm

184 3914 257 3974 dore,
270 3912 319 3962 sed
334 3913 488 3964 huiusmodi
501 3929 565 3979 pns—
594 3914 853 3978 qonmpeioremse
873 3929 923 3963 nec
950 3910 1065 3976 pudore,
1103 3913 1150 3962 sed
1189 3913 1327 3965 huiusmo-

183 3983 279 4031 cionee
293 3982 456 4044 contingunt
470 3981 505 4031 ad
524 3983 565 4031 in·
592 3986 697 4031 metuet
723 3997 783 4031 cnm
810 3980 922 4044 pudore,
948 3979 975 4028 di
998 3981 1142 4044 passioneo
1168 3982 1328 4046 contingere

183 4050 274 4098 vicem
294 4048 453 4099 melioribus
470 4055 497 4098 et
517 4066 565 4099 na·
592 4050 615 4098 si
639 4047 668 4112 (l.
687 4047 744 4112 sed)
768 4045 922 4097 huiuamodi
949 4048 1059 4110 optimis
1087 4047 1122 4096 ad
1151 4049 1270 4098 invicem
1301 4055 1330 4098 et

184 4125 247 4166 turo
259 4116 399 4180 benignis,
414 4117 564 4167 minoribns
592 4116 735 4181 passiones
759 4117 923 4179 contingunt
948 4113 1016 4175 biis,
1046 4115 1091 4178 qni
1120 4124 1218 4166 natura
1245 4116 1329 4166 utiles

185 4189 278 4232 tamen
309 4184 428 4235 scientie
464 4184 500 4234 ud
535 4201 564 4236 ce
592 4184 704 4246 optimis
734 4183 769 4232 nd
802 4185 921 4232 invicem
948 4188 1027 4244 cunt,
1051 4188 1079 4231 ot
1103 4183 1253 4235 minoribus
1276 4187 1328 4234 sci·

185 4251 323 4302 meliores.
592 4256 620 4300 et
642 4250 808 4301 naturaliter
835 4250 922 4312 bonis,
948 4250 1024 4300 entia
1042 4250 1076 4300 ad
1095 4252 1212 4302 maiores
1232 4253 1280 4302 eis.

590 4319 741 4369 minoribns
760 4324 850 4368 alutem
871 4320 922 4368 eci·

592 4387 668 4436 entia
696 4385 731 4434 nd
761 4387 868 4452 peiores
890 4387 920 4449 (l.

592 4455 777 4526 maiores).ee.
