3236 5086
283 403 370 454 LXVI

283 549 348 622 τικὴ
367 555 419 622 τῆς
437 555 590 622 πολιτικῆς
607 555 760 617 κοινωνίας
780 560 913 610 incertum
938 565 994 621 ert,
1017 563 1107 610 utrum
1129 556 1179 627 τΙς
1202 555 1353 624 πολιτικῆς
1375 574 1432 610 κοι-

282 623 388 684 νωνίας
407 641 422 675 ο
441 620 597 691 δεσποτικὴ
616 641 652 676 an
671 641 685 676 e
704 624 848 693 μοναρχία
866 627 1000 692 pendeetz
1020 632 1144 678 ettumen
1163 633 1193 678 ut
1210 627 1265 678 iam
1283 627 1354 678 baec
1372 627 1433 692 ipse

283 709 327 744 ree
346 693 380 742 ad
400 693 533 758 liquidum
552 691 665 759 perduci
683 695 729 746 vix
749 698 855 760 potest,
874 696 917 746 ita
934 695 968 744 de
981 689 1156 748 decucurrerit
1170 697 1349 748 coniecturae
1361 696 1432 746 veri·

283 767 342 812 tata
365 762 448 811 etium
472 761 576 812 idcirco
599 761 707 824 dubito,
731 764 796 827 quia
819 758 1005 821 δοσποοτικός
1032 779 1098 824 vox,
1121 768 1255 828 qnantum
1277 763 1348 824 ecio,
1372 777 1434 812 nus-

285 844 367 894 quam
387 828 453 878 alibi
472 829 689 895 deprehenditur
707 829 718 896 Ι
735 832 776 882 34.
796 832 824 880 in
843 831 916 881 notis
935 846 997 896 pror
1021 831 1132 896 posito
1151 831 1225 897 lege:
1245 830 1370 896 potito,
1389 846 1433 881 ce·

282 903 370 946 terum
390 896 535 948 videndum
555 903 611 959 eet,
629 913 718 948 nonne
730 898 860 948 traditam
874 897 1021 949 lectionem
1034 903 1111 950 recte
1124 897 1258 950 defendat
1270 903 1299 948 et
1311 896 1434 962 explicet

283 964 428 1016 Bonituiue
448 963 466 1014 l.
488 965 506 1018 l.
526 979 552 1029 p.
571 966 670 1028 6121),
690 969 721 1016 10
735 963 816 1031 “lq-ll
835 965 869 1028 b,
887 967 929 1016 36.
949 965 977 1016 in
995 968 1070 1018 notia
1089 967 1166 1032 lege:
1189 959 1288 1032 μέντοι
1306 957 1435 1030 (μόνους

282 1023 370 1096 τοὺς)
386 1030 396 1096 Ι
415 1035 481 1084 1293
500 1049 530 1094 ι,
553 1035 595 1082 20.
622 1026 741 1092 αὖτοῖςλ
764 1033 870 1084 Susum.
889 1031 899 1098 ΙΙ
918 1033 946 1082 in
969 1037 1049 1084 textu
1072 1049 1121 1099 pro
1140 1025 1213 1084 cilice
1232 1034 1308 1098 lege:
1332 1023 1407 1083 ἀλλὰ
1425 1031 1433 1098 Ι

282 1100 308 1163 1),
329 1103 370 1152 20.
390 1097 485 1150 καλ-
499 1103 541 1150 21.
559 1097 679 1166 μᾶλλον]
703 1101 817 1166 ροΙί1ἰιι
837 1101 871 1152 ιδ
889 1101 1069 1165 eligarchiem
1087 1108 1235 1166 vergentes
1254 1117 1315 1152 esse
1333 1102 1432 1152 aristo·

282 1168 388 1218 cretius
406 1167 546 1218 socundus
564 1183 619 1218 non
638 1175 680 1218 eet
692 1171 779 1234 ipsine
792 1167 952 1221 Aristotelis
971 1171 1124 1220 sententie:
1144 1171 1225 1219 immo
1244 1173 1342 1220 contra
1361 1169 1432 1219 lianc

282 1235 437 1285 doctrinam
459 1238 565 1300 pugnat
592 1235 620 1284 in
643 1237 736 1301 cupite
764 1242 897 1302 aequente
921 1240 1035 1288 octavo:
1061 1237 1110 1288 sed
1133 1237 1231 1288 eadem
1256 1236 1329 1288 redit
1350 1235 1383 1299 V,
1406 1239 1431 1286 7.

285 1305 349 1354 1307
369 1319 395 1362 a,
416 1305 524 1354 10-40.
542 1297 716 1420 μεΙιιγμένῃ,
744 1321 796 1371 qno
815 1305 848 1354 de
867 1305 929 1354 loco
946 1304 1002 1354 iam
1027 1305 1205 1356 Scbnitaerue
1222 1305 1329 1354 monuit
1349 1304 1432 1354 baec:

282 1385 335 1435 „es
359 1371 396 1420 ist
419 1371 573 1420 mericwuer
593 1372 635 1436 ig,
658 1371 724 1423 dass
747 1372 914 1424 Aristotelea
931 1370 992 1422 hier
1015 1372 1065 1424 dae
1087 1372 1210 1423 Moment
1232 1371 1282 1422 dea
1304 1386 1431 1436 perseeu-

282 1437 397 1504 „licbcn
422 1438 565 1503 Werthee,
585 1440 633 1488 dae
652 1455 681 1490 er
699 1448 778 1492 sonet
800 1439 843 1490 ale
867 1441 911 1490 ein
929 1439 1159 1504 ileuptmerlcmal
1179 1439 1227 1490 der
1245 1439 1431 1490 Aristokretie

282 1505 484 1572 „beeeicbnet,
503 1521 599 1558 ausser
617 1506 714 1572 Augen
732 1505 856 1560 lneeet“:
877 1523 942 1573 ergo
954 1513 1101 1573 utrumque
1123 1507 1211 1558 locum
1225 1509 1260 1558 ab
1273 1506 1329 1557 elic
1346 1508 1432 1557 inter-

282 1573 405 1639 polatum
424 1589 485 1625 esse
504 1573 682 1638 crediderim,
707 1577 755 1640 qui
779 1574 887 1634 scilicet
909 1590 1002 1626 veram
1027 1577 1128 1642 capitis
1151 1577 1241 1626 octevi
1265 1576 1430 1626 sententiam

283 1642 365 1692 foeda
384 1641 484 1693 lacuna
497 1642 672 1692 obscuratam
692 1658 746 1694 non
759 1644 937 1710 perspiceret,
956 1657 1046 1707 neque
1066 1659 1126 1694 cnm
1145 1642 1390 1696 bobiensem-180⁷
1403 1659 1429 1706 a,

283 1713 323 1761 13.
348 1705 397 1761 καλ
421 1715 487 1762 ante
509 1701 599 1775 τούτῳ
622 1710 764 1763 inserente
786 1711 1000 1776 repugnantiam
1028 1727 1088 1762 esse
1114 1711 1282 1762 leniendum:
1313 1710 1431 1760 fortasse

282 1785 375 1828 tamen
393 1778 426 1842 V,
446 1779 469 1830 7.
488 1775 666 1842 interpolatio
689 1779 774 1830 verbo
800 1781 863 1830 1307
883 1794 909 1840 a,
929 1779 968 1830 12.
987 1773 1161 1844 διαφέρουσι
1187 1778 1292 1830 demum
1315 1779 1429 1844 incipit:

282 1851 344 1896 utut
366 1861 431 1896 vero
449 1845 520 1894 baec
538 1859 582 1894 res
600 1859 630 1894 se
649 1846 749 1906 habet,
768 1846 871 1896 ibidem
890 1848 954 1896 1307
973 1847 1000 1908 1),
1018 1849 1041 1898 7.
1060 1845 1144 1898 τοῦτο
1162 1844 1211 1896 καλ
1230 1847 1258 1896 in
1277 1844 1326 1897 καλ
1344 1844 1431 1897 τοῦτο

282 1919 388 1964 mutere
410 1928 464 1964 non
489 1926 574 1962 ausus
598 1927 671 1972 eum,
697 1929 758 1977 cnm
780 1919 857 1966 rectu
875 1914 913 1962 ait
931 1912 1034 1964 tradita
1057 1915 1155 1976 lectio,
1175 1915 1200 1964 si
1219 1931 1248 1971 a,
1269 1917 1369 1966 10-33
1387 1912 1432 1964 vel

283 1998 309 2044 e,
329 1983 428 2031 12—33
446 1997 501 2030 non
520 1981 711 2058 eintgenuina
724 1979 734 2046 ΙΙ
747 1985 787 2034 31.
811 1983 840 2032 in
859 1981 931 2032 notis
950 1981 1026 2033 dele:
1045 1987 1137 2046 recte,
1156 1984 1185 2032 ni
1203 1977 1285 2032 fallor
1298 1982 1308 2048 Ι
1322 1983 1387 2033 1298
1406 1996 1431 2042 ι,

285 2051 324 2102 18,
339 2052 459 2116 σημεῖον
469 2076 499 2085 -
511 2051 551 2098 21.
565 2049 660 2100 αλλων
669 2049 735 2099 secl.
746 2049 884 2100 Krobnius
894 2047 902 2113 Ι
913 2050 977 2099 1297
988 2066 1014 2110 a,
1025 2051 1065 2100 10.
1077 2050 1105 2100 in
1119 2051 1193 2100 notis
1206 2065 1267 2114 pro:
1280 2050 1430 2100 Lambinus

283 2118 359 2183 lege:
374 2116 519 2182 „quidam“
532 2133 576 2182 ap.
590 2117 752 2168 bembinnm
765 2116 774 2183 Ι
787 2119 828 2166 10.
845 2117 887 2167 eie
900 2116 958 2166 fere
972 2115 1151 2168 Schmidtiue:
1163 2118 1249 2182 „scio,
1279 2117 1327 2168 uid
1340 2119 1429 2168 conie-

286 2191 404 2250 „cturae
416 2200 494 2236 meae
507 2187 568 2246 τοῖς
581 2178 634 2250 μὲν
647 2177 885 2250 (ἐκκλησιάζουσι
899 2180 947 2234 καλ
961 2177 1130 2250 δικάζουσι)
1141 2212 1175 2221 -
1187 2187 1249 2245 τοῖς
1262 2133 1295 2236 dl
1307 2181 1346 2252 μὴ
1359 2184 1431 2236 obici

284 2255 402 2318 „possit
422 2252 470 2303 sed
486 2251 570 2303 facile
585 2252 621 2302 ad
634 2257 695 2313 τοῖς
714 2247 768 2319 μὲν
787 2245 1005 2318 ἐκκλησιάζουσι
1017 2249 1067 2303 καλ
1081 2243 1231 2316 δικάζουσι
1245 2251 1432 2320 supplebimus

283 2313 442 2387 ‚,c’trr6poc‹,·,
456 2319 492 2370 ed
505 2323 565 2381 τοῖς
578 2315 611 2372 dl
625 2315 663 2387 μὴ
678 2338 734 2372 rer.
743 2323 766 2378 λ.
786 2311 941 2386 sindon&
954 2303 964 2385 Ι
978 2321 1083 2383 12981),
1097 2323 1120 2372 2.
1134 2322 1158 2371 si
1171 2335 1196 2370 v.
1208 2322 1234 2370 4.
1247 2311 1431 2388 ὀλιγαρχικα-

282 2381 372 2455 τᾶτην
395 2387 569 2440 scribendum
590 2393 646 2454 eet,
672 2389 723 2440 boc
742 2390 804 2440 loco
827 2403 881 2440 non
899 2402 1042 2455 possumne
1065 2404 1119 2440 non
1143 2393 1192 2440 aut
1216 2391 1347 2440 maiorem
1372 2403 1431 2440 cor·

283 2456 419 2590 ΙυΙΙοΙΙιΙα
439 2455 881 2574 ⁸¹1⁸tzl⁰5=rir⁸¹²t⁰⁰¹1¹P⁸¹1⁸²i3ffm
898 2456 998 2573 ,οἴκοιο
1012 2446 1268 2576 (Ιλιγαρδιικοίτιρον
1282 2458 1326 2509 rol
1338 2453 1430 2573 {pedii

281 2523 1430 2674 <tn,setttfttnttttfnibli?,⁰,tritt„ftftfftzztlfttt

283 2657 410 2708 defendit
427 2657 609 2708 Schmidtius:
633 2661 687 2708 tria
711 2661 781 2734 enim
800 2661 840 2709 sic
858 2659 945 2710 hebes
963 2675 1067 2724 genera
1084 2659 1167 2710 haec:
1191 2658 1360 2727 ολιγαρχιάν
1378 2675 1430 2710 πο·

283 2719 410 2792 lecturio,
437 2717 470 2776 τὸ
497 2716 697 2791 ὀλιγαρχικόν,
724 2725 895 2792 ολιγαοχίαν
927 2721 1156 2794 δυναστευτικήν
1182 2729 1227 2778 vel
1254 2726 1430 2780 δυναστείαν

284 2783 483 2860 ὀλιγαρχικήν,
503 2793 639 2846 etaltera
658 2799 733 2844 certe
753 2793 866 2844 secundi
885 2795 996 2860 generis
1014 2797 1137 2860 species,
1163 2796 1227 2860 quie
1245 2798 1362 2847 maxime
1382 2811 1429 2862 pu·

283 2879 341 2912 ram
368 2860 538 2926 eligarchiae
569 2869 695 2911 naturam
723 2861 857 2927 ostendit,
891 2861 932 2913 sic
959 2863 1032 2914 nude
1064 2854 1146 2930 δλιγα
1165 2855 1246 2929 χιιιδν
1273 2863 1431 2929 appellatur

284 2931 367 2980 etiarn
388 2945 411 2980 c.
429 2931 452 2979 5.
475 2927 590 2992 12921),
610 2932 625 2978 3
644 2944 696 2994 sq.:
716 2935 837 2980 ceterum
860 2931 933 2980 inv.
953 2933 976 2980 5.
994 2880 1212 2996 <δυναστείαν>
1229 2921 1427 2997 ὀλιγαρχικὴν,

282 2997 353 3062 quod
381 2997 548 3047 Schmidtius
576 2996 709 3059 coniecit,
738 2999 862 3063 quamvis
887 3000 1027 3062 ceteroqui
1054 2997 1265 3064 praeferendum
1294 2999 1431 3060 videatur,

284 3067 372 3114 minus
391 3070 482 3114 tamen
501 3063 592 3143 placet
615 3079 675 3114 eam
699 3066 732 3116 ob
756 3081 826 3129 rem,
851 3067 915 3133 quie
938 3065 1016 3116 nulle
1039 3067 1148 3116 omnino
1171 3070 1249 3116 extat
1271 3064 1430 3118 δυναστεία

282 3134 338 3182 nisi
359 3122 541 3198 ὀλιγαρχικη,
560 3147 623 3181 nam
642 3130 818 3184 δυναστείαν
842 3133 898 3184 tale
918 3133 1087 3197 eligarchiae
1111 3149 1197 3199 genna
1220 3135 1316 3184 vocari
1337 3140 1431 3185 monet
1534 3143 1537 3150 ’

281 3200 446 3251 Αιίι1ο1ο1οι
466 3201 575 3262 12921),
595 3203 611 3250 9
629 3215 669 3265 sq.
693 3198 703 3266 Ι
722 3203 764 3252 23.
784 3199 849 3261 ἴσως
868 3201 1016 3252 lectionem
1038 3201 1207 3267 praeferam,
1227 3204 1251 3252 si
1270 3217 1325 3253 con
1343 3203 1429 3253 solum
1518 3215 1526 3230 ·

283 3270 365 3334 „pari
383 3267 491 3332 mcdo“,
510 3282 604 3319 verum
624 3269 723 3333 etium,
747 3269 818 3334 quod
841 3269 867 3324 b.
880 3267 897 3319 1.
917 3269 1040 3334 postulat
1062 3285 1173 3333 senens,
1197 3271 1275 3336 „pari
1297 3269 1429 3322 numero⁸⁸

283 3335 441 3402 significare
479 3337 549 3388 oeeit
562 3333 572 3400 Ι
587 3337 653 3387 1299
671 3353 701 3401 a,
721 3340 763 3388 20.
783 3338 812 3388 in
829 3339 905 3388 notis
924 3337 1009 3388 verbe
1028 3331 1222 3403 „npeudeotcis
1241 3337 1429 3405 Congreviue“

283 3421 336 3456 non
356 3409 436 3456 erunt
454 3353 576 3455 diductis
596 3403 699 3456 litteris
720 3404 914 3471 imprimenda,
934 3404 1051 3456 forsitan
1071 3407 1142 3456 enim
1150 3406 1285 3472 passivus
1297 3421 1428 3472 prueeen·

282 3474 319 3522 tie
337 3467 490 3538 αίροῦνται
509 3489 574 3524 usus
594 3473 664 3523 eatis
683 3472 850 3524 defendatur
868 3473 1013 3538 participio
1026 3475 1123 3524 eccisti
1135 3473 1241 3540 passivi
1254 3466 1428 3538 αἱρεθέντας

281 3540 319 3603 11,
337 3543 362 3594 8.
383 3543 449 3592 1288
468 3558 493 3604 a,
514 3544 560 3604 13,
580 3539 615 3591 ad
634 3539 707 3605 qnod
726 3545 859 3606 provocet
876 3540 1021 3592 Bonitzine
1039 3541 1087 3598 1,1.
1107 3557 1132 3606 p.
1153 3544 1184 3594 18
1203 3559 1229 3606 a,
1247 3543 1280 3594 60
1298 3557 1339 3607 sq.

783 3744 853 3796 LIB.
872 3745 919 3798 Vl.

351 3882 416 3932 1318
434 3882 459 3938 b,
478 3884 519 3933 33.
537 3877 676 3948 πρότερον
695 3883 813 3933 fortasse
836 3880 1032 3932 secludendum
1055 3887 1111 3946 eet,
1136 3897 1301 3948 quamquam
1325 3897 1427 3949 pancos

282 3949 358 4000 locos
381 3953 486 4008 extare,
510 3950 607 4014 quibua
630 3949 665 4002 ad
688 3949 809 4015 proxime
835 3949 1031 4014 praecedentia
1054 3951 1204 4012 referatur,
1228 3953 1428 4003 demonstravit

281 4015 447 4082 Spengelius
470 4017 584 4070 Aristct.
607 4017 684 4068 Stud.
709 4019 757 4069 1v.
780 4033 805 4082 p.
825 4019 857 4067 42
881 4014 996 4080 (Comm.
1018 4017 1113 4083 philol,
1139 4018 1218 4069 ecad.
1243 4021 1350 4072 Monac.
1379 4020 1427 4070 xl.

282 4101 307 4149 p.
328 4083 389 4142 310)
411 4081 422 4147 Ι
445 4086 508 4133 1317
529 4101 554 4146 a,
573 4087 612 4134 15.
630 4087 659 4135 in
677 4085 769 4136 verbis
788 4086 926 4136 continuis
950 4085 1010 4136 dele
1031 4101 1135 4136 comma
1155 4093 1220 4138 ente
1239 4084 1288 4138 καλ
1308 4094 1336 4138 et
1358 4103 1427 4152 pone

282 4157 342 4216 poet
365 4143 530 4214 ἄλλαςΙ39.
555 4143 611 4217 dri?
635 4153 752 4206 Susum:
777 4153 915 4205 suetiam
935 4147 1186 4221 νυνί-λέγωμεν
1205 4159 1298 4220 spuria
1318 4158 1400 4204 sunt?

283 4222 348 4270 1318
371 4235 401 4279 a,
425 4225 449 4268 3.
476 4209 570 4297 κοινὰ]
600 4216 714 4272 alnedo?
743 4221 861 4272 Susem.=
890 4237 926 4272 an
954 4223 1038 4272 etiem
1065 4217 1161 4300 scis·
1187 4215 1250 4274 ἐστι’
1275 4222 1427 4273 subditicia

281 4292 362 4336 sunt?
385 4283 395 4350 Ι
416 4289 458 4337 32.
483 4305 500 4350 η
524 4291 584 4346 τοῖς
607 4286 747 4353 πλείοσιν]
770 4293 830 4348 τοίς
852 4287 982 4340 πλείοσιν
1011 4290 1075 4341 olim
1103 4307 1120 4356 η
1145 4291 1294 4356 praemisso
1322 4292 1426 4341 verium

280 4355 426 4404 lectionem
450 4355 537 4404 fuisse
561 4356 594 4404 ed
617 4359 659 4410 33,
678 4350 706 4406 cf
723 4354 841 4416 πλείους
863 4357 1030 4424 adscriptam
1055 4359 1208 4423 putaverim
1232 4357 1242 4422 Ι
1268 4361 1332 4410 1319
1350 4376 1380 4424 e,
1401 4361 1424 4408 7.

280 4425 310 4473 in
328 4423 420 4474 verbis
440 4427 512 4473 cont.
531 4438 578 4488 pro
598 4420 648 4488 [τι]
668 4423 742 4488 lega:
766 4440 795 4474 τε
814 4423 823 4488 ΙΙ
841 4419 872 4476 τὸ
892 4415 1014 4490 ἀρχαῖον
1037 4426 1091 4476 nisi
1114 4442 1128 4476 ο
1155 4427 1344 4492 dittogrnpbia
1362 4433 1424 4478 orta

734 4918 1274 5040 ΛΑ,-
