3236 5086
276 373 339 422 LVI

274 524 441 590 dumtaxat,
465 521 542 580 sicut
564 517 639 588 dixi,
668 515 768 597 operis
795 515 939 575 oliercnto
969 521 998 574 et
1027 511 1158 572 editione
1182 512 1312 579 luntina,
1336 529 1424 590 quarn

274 627 364 686 snpra
387 611 401 668 t
423 599 644 686 appellandi),
668 604 732 682 ipse
756 607 823 662 ante
846 599 902 659 hos
924 597 999 658 duos
1022 615 1113 656 annos
1137 600 1214 674 typis
1244 596 1341 656 denuo
1371 597 1424 655 inr-

275 691 466 773 primendum
495 685 672 766 curavi¹⁶⁰l:
696 687 805 764 legitur
835 691 987 764 praeterea
1017 685 1047 743 in
1076 679 1178 742 codice
1202 679 1268 752 XVl,
1292 689 1323 740 ut
1346 681 1425 740 vide-

274 788 338 846 tur,
375 773 487 838 saeculi
524 774 723 834 Laurentiano
759 768 899 830 Abbatiae
935 767 1123 830 Florentinae
1157 762 1241 826 2635
1280 765 1426 825 membra·

275 883 367 924 naceu
391 864 420 921 in
436 859 471 922 4ο
494 862 564 920 mai.
589 859 700 936 scripto
724 853 927 928 miscellaneo,
951 870 1038 931 quem
1061 852 1073 912 i
1096 849 1274 928 nuncupabo
1297 857 1327 910 et
1341 851 1426 910 cuius

274 948 463 1009 collationem
488 942 685 1004 Studemundi
710 939 885 1017 benignitati
908 935 1013 997 debeo.
1058 935 1094 996 Et
1122 937 1170 996 bio
1198 935 1316 1014 quidem
1347 935 1426 996 tertii

274 1033 450 1112 interpretis
473 1028 555 1091 labor
580 1035 638 1087 tam
662 1024 750 1105 plane
772 1026 891 1102 ignotus
921 1021 1029 1082 mansit
1051 1021 1155 1090 ltosio‚
1185 1029 1217 1080 nt
1244 1019 1317 1080 lalso
1340 1019 1426 1080 Nico·

275 1119 325 1180 leti
349 1117 512 1179 editionem
531 1111 585 1192 (ιι).
611 1129 687 1190 quae
710 1113 739 1170 in
763 1107 896 1170 secundo
919 1105 994 1166 libro
1012 1125 1047 1166 eo
1063 1104 1125 1164 solo
1143 1106 1261 1177 nititur,
1286 1107 1315 1164 in
1332 1105 1428 1184 primo

275 1211 375 1265 autem
392 1203 541 1278 tertioque
559 1217 594 1258 ox
617 1198 732 1257 tertia
756 1195 810 1255 lrac
826 1202 914 1272 atquo
937 1210 953 1250 e
970 1194 1065 1268 prima
1082 1187 1324 1250 translationibus
1339 1191 1427 1248 mixta

275 1289 367 1350 etita
391 1285 512 1366 quidem
537 1284 626 1344 mixta
651 1287 709 1348 est,
734 1287 767 1340 ut
790 1281 837 1338 vix
860 1275 988 1339 litterula
1004 1276 1186 1343 inveniatur,
1209 1291 1284 1354 quae
1308 1291 1365 1332 non
1389 1275 1428 1332 sit

276 1393 311 1435 ex
341 1373 435 1434 altera
466 1378 532 1430 utra
564 1361 797 1446 desurupta¹⁷⁰)‚
826 1382 881 1442 pro
908 1359 1095 1421 secundae
1130 1361 1230 1440 potius
1259 1367 1288 1418 et
1316 1359 1428 1437 primae

210 1524 213 1530 .
275 1458 401 1519 mixtura
425 1455 580 1516 venditare
603 1445 821 1526 conaretur¹⁷¹l
845 1457 875 1508 et
896 1447 1013 1526 saepius
1036 1445 1123 1504 buius
1147 1443 1284 1504 editionis
1307 1444 1429 1522 propria

276 1563 343 1604 esse
377 1543 565 1622 opinaretur,
596 1555 673 1618 quae
707 1553 809 1595 revera
844 1535 902 1594 iam
931 1534 962 1591 in
992 1531 1029 1591 ai
1059 1524 1318 1606 inrcniuntur¹⁷²).
1370 1528 1428 1601 lpsi

276 1638 376 1690 tamen
405 1627 475 1688 lruic
504 1626 593 1685 tortio
622 1619 779 1700 interpreti
810 1617 940 1678 secunda
976 1612 1128 1676 translatio
1157 1615 1274 1692 cognita
1303 1607 1427 1698 solim),

285 1763 487 1774 —-——-——

347 1851 407 1908 166)
430 1849 507 1898 Rura
531 1845 585 1894 iam
610 1859 643 1892 eo
669 1847 809 1905 ternpore,
838 1853 890 1900 quo
918 1836 987 1885 bueo
1011 1833 1097 1884 editio
1118 1837 1217 1898 parata
1244 1836 1302 1893 est,
1330 1833 1431 1882 tertiae

275 1919 358 1970 buius
385 1914 557 1967 recensionis
586 1911 672 1960 luisse
701 1907 871 1971 exemplario
899 1921 914 1954 o
942 1901 1016 1952 tituli
1039 1902 1132 1952 verbis
1154 1901 1197 1950 his
1221 1900 1431 1959 „Oeconomico

276 1989 361 2038 etiam
380 2001 414 2036 ex
433 1983 551 2047 antiqno
569 1977 800 2043 interpretatione
820 1989 834 2022 e
854 1971 961 2022 dnobus
984 1985 1065 2020 manu
1083 1969 1195 2034 scriptis
1218 1967 1360 2018 codicibus
1385 1966 1430 2047 de-

276 2059 398 2120 sumpto,
418 2069 452 2103 ne
472 2051 609 2118 perirent,
628 2052 760 2111 tanquam
782 2040 965 2092 corollarium
986 2037 1120 2102 quoddam
1143 2041 1208 2086 aunt
1226 2034 1343 2085 uddita“
1362 2039 1432 2088 satit

276 2127 405 2255 pateltili)
425 2186 686 2246 Oeconomicorum,
707 2195 779 2245 quoa
798 2175 942 2228 Aristoteli
967 2135 1049 2238 vulgo
1073 2172 1242 2232 tribuuntur,
1265 2169 1329 2220 libri
1352 2138 1433 2234 primi

275 2265 387 2311 vetusta
410 2256 561 2308 translatio
587 2251 699 2302 Latina.
736 2245 786 2299 Ed,
811 2247 912 2296 Prono.
933 2241 1081 2293 Stasemibl
1119 2238 1241 2289 llerolini
1264 2254 1309 2304 up.
1334 2236 1442 2302 Culta·v

276 2344 354 2392 ryurn
374 2321 587 2376 leCCGLXX.
625 2318 723 2380 Doleo,
744 2313 843 2380 quodi
863 2311 966 2361 codicis
985 2309 1113 2359 notitiam
1132 2314 1161 2358 et
1179 2305 1355 2356 collationem
1375 2311 1433 2356 tum

277 2394 553 2519 nonqufflqpsusafine
573 2456 660 2519 igitur
678 2450 820 2506 lieitrius,
843 2448 889 2512 qui
908 2461 1009 2496 caecus
1022 2445 1086 2495 Rosi
1105 2442 1235 2492 iudicium
1251 2444 1363 2492 secutus
1382 2445 1434 2503 ent¹

279 2545 340 2580 eam
358 2528 412 2576 sibi
426 2525 528 2588 elegit,
546 2521 699 2572 seeundum
719 2533 800 2580 quam
819 2516 871 2564 boo
884 2513 1043 2579 opuseulum
1062 2514 1088 2560 in
1107 2512 1265 2576 fragmenta
1277 2509 1437 2560 Aristotelia

281 2596 421 2658 reciperet
439 2591 457 2640 l.
473 2591 489 2643 l.
509 2608 535 2654 p.
551 2590 600 2637 153
620 2601 679 2649 sqq.

352 2661 412 2716 171)
432 2659 464 2707 n.
477 2657 496 2705 1.
517 2672 543 2720 p.
557 2655 616 2704 eto.

353 2725 413 2788 172)
433 2723 517 2772 Velut
535 2737 561 2772 v.
585 2721 623 2772 18,
641 2721 674 2766 29
694 2731 755 2780 sqq.
776 2711 812 2780 (p.
825 2713 894 2778 666).
913 2733 938 2768 v.
951 2719 983 2768 62
997 2733 1056 2781 sqq.
1075 2713 1112 2781 (p.
1125 2712 1195 2778 ott).
1213 2729 1239 2764 v.
1258 2715 1291 2764 66
1310 2711 1347 2780 (p.
1366 2713 1435 2776 658).

283 2813 309 2846 ν.
331 2797 363 2844 73
385 2808 428 2856 eq·
448 2792 485 2854 (p.
503 2787 576 2850 669).
595 2803 621 2835 v.
638 2787 669 2835 ot
689 2799 730 2846 sq.
749 2781 785 2846 (p.
803 2787 852 2834 659
871 2785 930 2849 oq).
949 2801 975 2837 v.
998 2787 1045 2834 144
1063 2799 1121 2848 sqq.
1141 2781 1180 2847 (p.
1197 2781 1267 2844 661),

355 2859 415 2922 173)
435 2855 564 2920 Exempli
582 2853 675 2917 gratio
693 2851 730 2900 ol.
750 2867 775 2902 v.
796 2852 823 2900 u
845 2866 901 2916 sqq.
922 2855 961 2903 18.
980 2855 1012 2902 52
1032 2868 1091 2917 sqq.
1110 2853 1141 2901 ta
1161 2866 1200 2914 sq,
1220 2853 1253 2900 96
1271 2863 1345 2914 sqq:

288 3026 394 3076 etenim
415 3022 535 3086 quilibet
554 3018 675 3069 taliaor-
702 3019 804 3068 etenim
815 3019 1031 3085 invidiosaequi-
1058 3019 1159 3070 etenim
1185 3017 1337 3068 invidiosus
1365 3019 1440 3068 omni

288 3099 373 3144 nutus
397 3097 426 3140 et
450 3088 537 3138 elatio
566 3087 675 3135 animae
702 3085 772 3136 libet
784 3085 937 3138 huiusmodi
952 3104 1031 3138 orno·
1059 3087 1200 3151 (tomuis)
1221 3086 1326 3136 uninaue
1346 3085 1439 3136 liuius-

291 3166 350 3222 est,
370 3162 399 3206 et
418 3155 505 3204 multo
521 3155 624 3204 certior
642 3153 675 3202 nd
704 3159 746 3202 tna
766 3159 819 3216 est,
833 3155 916 3205 multo
930 3157 1032 3205 certior
1059 3156 1132 3204 modi
1168 3160 1281 3204 ornatus
1316 3157 1371 3217 est,
1411 3159 1440 3203 ot

291 3229 466 3276 senectutem
481 3223 569 3270 iustae
581 3219 677 3270 laudea
703 3222 731 3270 in
751 3225 893 3272 senectute
916 3223 1031 3273 reddens
1058 3222 1144 3272 multo
1154 3222 1256 3271 firmior
1267 3220 1301 3271 ud
1312 3227 1440 3272 senectu-

294 3293 349 3342 sibi
378 3290 498 3353 filiisque
522 3287 676 3338 tribuendo.
702 3289 849 3353 praeconia
877 3291 950 3340 iustu
977 3291 1033 3340 sibi
1059 3288 1440 3341 temretribuensiustnslnu-

293 3359 391 3408 talium
403 3357 510 3421 quidem
522 3357 606 3420 igitur
617 3358 677 3420 ipse
703 3361 730 3406 et
756 3357 830 3410 tiliis.
871 3359 899 3407 in
928 3358 1033 3408 talibus
1060 3359 1108 3408 des
1126 3358 1179 3408 sibi
1199 3364 1228 3407 et
1246 3356 1319 3409 filiis.
1345 3357 1439 3406 huiua—

293 3443 323 3476 so
343 3425 477 3474 inanimot
495 3423 594 3473 mulier
607 3439 676 3472 com·
704 3425 789 3489 igitur
832 3425 884 3474 sibi
920 3424 1032 3475 affectet
1060 3426 1131 3476 modi
1150 3424 1332 3490 quidoruipan
1351 3440 1380 3474 eo
1399 3426 1441 3473 in-

295 3493 384 3558 posite
420 3492 556 3542 dominari
588 3489 675 3554 (inde-
704 3505 834 3556 proeesse
907 3492 1032 3556 (difficile
1059 3495 1165 3542 animet
1187 3497 1281 3542 ornato
1304 3493 1441 3542 dominari

295 3574 361 3610 cons
382 3561 453 3609 enim
704 3559 775 3609 enirn
1060 3560 1158 3610 mulier
1178 3559 1306 3621 (difficile
1325 3561 1398 3609 enim

296 3699 395 3760 parent
421 3709 528 3760 quoque
559 3695 619 3745 viro
650 3694 678 3744 in
705 3693 800 3744 arrdiat
818 3695 926 3760 quidem
942 3710 959 3744 n
975 3696 1033 3745 viro
1060 3695 1155 3746 audiat
1173 3697 1281 3759 quidem
1307 3697 1393 3744 virum
1412 3695 1441 3744 in

295 3763 430 3816 omnibus.
705 3763 804 3812 omnia.
1060 3764 1193 3814 omnibus.

296 3896 378 3947 docet
396 3896 578 3962 multomagis
593 3897 676 3946 bono·
706 3903 815 3961 oportet
840 3896 924 3948 multo
946 3899 1034 3960 magis
1060 3899 1140 3948 decet
1158 3897 1440 3962 multomagislrono·

297 3980 359 4014 rare
382 3965 470 4014 virum
494 3972 522 4015 et
545 3966 573 4013 in
601 3981 678 4015 rore·
705 3965 839 4014 bonorare
859 3981 910 4014 noc
932 3965 1033 4030 pudere
1060 3983 1122 4016 rere
1141 3972 1169 4016 et
1187 3982 1240 4015 non
1260 3966 1442 4017 verecundari

298 4032 401 4082 cundia
428 4047 481 4082 uon
509 4029 626 4096 babere,
655 4034 679 4083 si
705 4033 749 4081 eui
767 4033 856 4097 ipsius
874 4032 1036 4094 viri(mariti
1061 4035 1157 4097 virum,
1177 4035 1287 4083 etiamsi
1306 4050 1360 4083 non
1378 4050 1440 4084 eon·

297 4115 379 4149 socru
402 4099 537 4164 pudicitia
562 4105 589 4148 et
611 4115 680 4165 opes
706 4101 808 4163 Fere),
828 4101 851 4148 ai
876 4113 927 4148 non
952 4100 1033 4149 comi·
1061 4108 1192 4165 sequntur
1217 4101 1365 4151 seeundum
1390 4102 1441 4152 Or-

298 4168 483 4217 animositatis
497 4167 568 4218 lilius
583 4183 679 4217 oeun·
707 4173 779 4216 tetur
810 4167 957 4216 socunrlum
986 4168 1034 4216 Or·
1062 4168 1160 4234 pheum
1171 4169 1442 4220 mentissanitnssa-

297 4235 360 4284 dum
384 4234 530 4285 llereulem
557 4250 611 4285 non
638 4249 679 4284 ae·
706 4234 1035 4300 pheumpudieitiaaacra
1063 4251 1109 4286 era
1128 4244 1157 4286 ot
1175 4237 1290 4287 divitiae
1315 4239 1443 4289 animosi·

298 4306 425 4368 quantur.
707 4317 740 4352 uc
758 4302 872 4352 divitiae
895 4301 969 4351 filiae
989 4317 1036 4352 eu·
1062 4305 1127 4354 tati·
1146 4304 1226 4357 fitius.

707 4369 896 4435 tbymoayuae.
