3236 5086
319 396 424 448 XXXII

320 547 540 610 translationem
579 547 673 618 illam,
712 551 814 629 quanti
851 550 1080 610 aestimaverunt
1118 549 1172 609 riri
1214 551 1457 628 praestantissimi

320 634 465 695 Victorius
487 641 516 694 et
538 633 756 701 Sclmeiderus,
784 641 881 694 tamen
911 635 1003 694 instar
1031 635 1133 712 optimi
1162 633 1273 694 codicis
1301 653 1366 696 eam
1394 653 1458 696 esse

319 719 465 786 concedo,
488 721 537 798 qui
560 719 691 797 quamvis
714 736 774 778 non
797 717 921 778 eandem
945 722 1149 780 auctoritatem
1172 737 1260 798 quam
1283 719 1307 778 E
1329 721 1359 780 iu
1383 719 1458 799 l‘lry-

318 805 398 872 sicis,
421 803 672 880 Meteorologicis,
697 801 933 881 Psyclrologicis‚
957 811 987 863 et
1008 805 1043 864 Μ
1065 804 1096 864 in
1119 803 1247 864 Ponticis
1269 810 1299 864 et
1320 803 1458 865 llbetori·

318 892 376 956 cis,
401 897 498 949 tameu
522 889 644 948 eandem
661 905 749 968 quam
766 885 805 946 llb
829 890 859 946 in
876 887 987 947 Ethicis
1010 894 1039 946 et
1060 889 1186 948 sortasse
1203 886 1291 968 paulo
1313 891 1456 950 maiorem

318 973 432 1046 babeat.
476 972 593 1034 Primus
615 991 648 1032 ea
672 991 742 1034 usus
764 980 823 1040 est,
853 980 1006 1050 postquam
1035 973 1065 1032 in
1095 971 1223 1033 editione
1253 974 1388 1054 principe
1409 973 1458 1035 ΑΙ-

318 1059 385 1118 dina
408 1057 531 1118 Politice
553 1057 716 1119 secundum
741 1057 934 1126 deteriorem,
958 1065 991 1116 ut
1011 1057 1087 1126 dixi,
1116 1056 1249 1135 vulgatae
1278 1059 1458 1120 recensionis

268 1151 274 1160 '
317 1142 426 1204 librum
449 1144 526 1222 typis
553 1159 689 1221 expressa
719 1149 802 1205 sunt.
831 1142 856 1201 is
884 1141 934 1222 qui
964 1143 994 1200 in
1023 1141 1151 1202 editione
1179 1142 1344 1203 Basiioensi
1370 1145 1457 1204 tertia

318 1245 442 1305 operum
476 1225 718 1288 Aristoteleomm
748 1225 866 1286 l‘olitica
899 1227 1052 1288 recensuit
1085 1227 1291 1307 permultaque
1325 1229 1457 1306 priorum

317 1313 481 1372 editionum
504 1311 609 1372 menda
633 1331 664 1372 ea
689 1311 763 1370 duce
786 1311 915 1371 sustulit.
952 1310 1050 1372 Secuii
1072 1319 1142 1372 suut
1164 1312 1311 1372 Victorius
1333 1311 1457 1373 Sclmei·

318 1397 407 1458 derus
429 1395 538 1458 Coraca
560 1397 620 1458 alii.
665 1399 771 1456 Contra
800 1397 827 1456 ei
850 1394 982 1464 codices
1011 1414 1086 1474 quos
1107 1396 1246 1456 adierunt
1267 1405 1335 1458 ante
1358 1397 1457 1458 Goett·

317 1481 439 1558 liugium
463 1481 606 1550 editores,
631 1479 702 1541 nibil
728 1498 823 1558 paene
844 1480 940 1541 bonae
964 1480 1056 1558 lrngis
1078 1478 1258 1551 attulerunt,
1283 1483 1321 1542 ita
1344 1491 1377 1542 ut
1397 1499 1457 1542 non

317 1569 380 1628 sine
415 1585 517 1627 caussa
553 1583 721 1626 asseverare
753 1566 903 1626 virleretnr
933 1565 1135 1626 Schneiderus
1167 1584 1263 1646 neque
1292 1585 1308 1626 e
1336 1564 1457 1644 reliquis

316 1652 434 1730 scriptis
456 1649 606 1710 codicibus
628 1652 769 1710 maiorem
792 1651 921 1710 fructum
948 1655 1132 1729 perceptum
1154 1652 1189 1712 iri
1218 1669 1250 1710 sc
1273 1668 1407 1730 sperare,
1430 1653 1456 1710 si

316 1738 365 1816 qui
391 1734 456 1796 aliis
477 1735 586 1796 lateant
609 1736 639 1794 in
663 1733 866 1802 bibliothecis.
889 1736 948 1798 nisi
963 1737 1031 1814 quis
1046 1735 1123 1796 torte
1139 1739 1270 1813 supersit
1290 1736 1456 1812 descriptus

317 1840 352 1882 ex
376 1823 433 1882 isto
456 1817 604 1897 exemplo,
629 1818 706 1899 quod
729 1818 891 1880 Guilelmus
918 1818 955 1880 dc
977 1818 1135 1880 Morbeclea
1166 1820 1307 1881 vertendo
1336 1837 1456 1898 expres·

315 1913 405 1966 serat.
449 1905 524 1965 'ium
548 1923 617 1964 aero
640 1923 657 1964 e
679 1902 839 1981 Goettlingi
867 1903 1009 1971 editione,
1038 1907 1069 1964 in
1097 1923 1169 1984 qus,
1199 1913 1231 1965 ut
1258 1905 1334 1974 diui,
1363 1907 1456 1966 varias

261 2001 264 2008 ’
316 1991 449 2051 codicum
475 1985 869 2063 intercoruscans,
893 2007 967 2068 quas
994 1987 1053 2050 sibi
1083 1997 1252 2051 enotarerat
1273 1989 1395 2060 Hosius,
1424 1993 1454 2050 in

316 2093 402 2136 usum
424 2093 509 2135 suum
535 2075 638 2148 vertit,
662 2075 732 2134 satis
755 2075 892 2153 apparuit
915 2083 944 2134 et
959 2091 1118 2154 superesse
1134 2093 1237 2134 revera
1253 2074 1372 2136 codices
1388 2091 1454 2134 cnm

316 2168 415 2222 vetere
438 2160 630 2221 translatione
655 2165 795 2236 cognatos
819 2164 848 2217 et
875 2161 953 2218 inter
975 2167 1090 2218 ceteros
1113 2170 1214 2220 extare
1236 2157 1329 2220 multo
1352 2158 1455 2220 melio·

314 2264 373 2315 res,
397 2263 484 2326 quam
508 2244 615 2323 quibus
640 2246 686 2306 usi
702 2251 786 2305 erant
800 2243 905 2308 atialus.
929 2245 1131 2312 Camerarius,
1155 2243 1372 2314 Schneiderns,
1396 2243 1454 2310 alii.

315 2329 477 2410 dignosque
500 2331 549 2406 qui
572 2329 740 2390 accuratius
763 2330 990 2406 inspicerentur.
1021 2328 1083 2388 Etsi
1106 2336 1204 2390 arsiam
1227 2327 1306 2389 libro
1323 2329 1454 2390 Demetri

315 2412 528 2493 Clralcondylae
551 2417 675 2475 nimium
700 2412 802 2474 tribuit
824 2413 1034 2488 Goettlingius,
1064 2414 1230 2474 mirandum
1255 2422 1352 2474 tamen
1381 2421 1454 2487 erat,

316 2499 394 2575 quod
424 2499 577 2560 Betthorus
610 2507 640 2558 et
667 2517 734 2558 eum
768 2507 797 2558 et
824 2497 1049 2558 brrrlirosianum
1078 2498 1165 2574 plano
1197 2498 1327 2576 neglexit
1359 2515 1455 2578 neque

315 2581 454 2644 Guilelmi
484 2583 727 2661 interpretatione
757 2581 898 2662 amplius,
926 2599 1013 2662 qnam
1042 2591 1126 2642 antea
1156 2584 1214 2644 iam
1244 2585 1353 2644 lactum
1381 2592 1454 2651 erat,

319 2686 389 2730 usus
412 2675 470 2740 est,
494 2669 584 2728 immo
607 2667 683 2728 baud
708 2685 815 2744 pauca,
843 2685 919 2746 quae
947 2687 980 2728 ca
1009 2667 1083 2727 eluro
1112 2669 1142 2728 in
1164 2670 1227 2746 ipsa
1251 2668 1339 2728 rerba
1370 2685 1456 2728 rece-

314 2761 419 2833 perant
455 2754 572 2832 priores
604 2753 750 2820 editores,
787 2752 871 2818 indo,
908 2753 1022 2813 etiamsi
1058 2752 1202 2831 quaedam
1238 2754 1360 2814 tortasse
1394 2769 1455 2812 nou

315 2839 439 2906 iniuria.
465 2838 671 2898 exterminarit
693 2846 723 2897 et
745 2847 863 2915 praeter
885 2836 1002 2896 endires
1024 2837 1147 2897 ‹rrrmino
1164 2837 1206 2897 vel
1223 2856 1317 2916 paene
1332 2839 1455 2898 omuino

314 2923 413 2984 lutilos
436 2940 528 2983 unrun
553 2931 663 2984 tantum
687 2923 900 2982 Coislinianum
930 2926 1072 2982 excrrssit:
1102 2939 1161 3001 quo
1190 2923 1298 2984 lactum
1328 2930 1387 2991 est,
1411 2928 1453 2992 ut,

315 3010 340 3068 si
363 3007 488 3068 Belakeri
513 3006 603 3068 solam
627 3007 787 3068 editionem
818 3009 847 3066 in
873 2997 1010 3066 manibus
1034 3016 1152 3081 teneas,
1182 3025 1240 3066 non
1271 3009 1367 3087 possis
1394 3023 1454 3066 nou

314 3100 419 3172 putare
441 3091 601 3169 permultos
623 3095 686 3152 cius
709 3091 864 3162 lectiones,
890 3100 989 3170 utpote
1012 3111 1086 3170 quae
1109 3095 1138 3152 in
1163 3093 1242 3152 nullo
1266 3095 1329 3152 eius
1352 3091 1454 3152 codiee

315 3179 518 3244 inveniantur,
544 3195 623 3237 mera
647 3179 818 3238 coniectura
847 3179 912 3237 niti.
957 3176 994 3236 Et
1014 3178 1107 3255 ipsius
1130 3177 1304 3238 Coisliuiani
1326 3177 1454 3238 auctori·

315 3271 404 3323 tatem
428 3279 638 3340 nonnunquam
661 3265 724 3322 siue
748 3258 803 3320 ulla
828 3262 1004 3321 necessitate
1032 3263 1166 3341 ‹lesoqnit
1192 3263 1221 3322 in
1250 3263 1379 3322 savorem
1402 3261 1454 3320 de-

315 3350 457 3409 teriorum
480 3345 680 3424 librorumll).
726 3346 814 3406 blixta
837 3346 927 3422 igitur
950 3349 1014 3406 sine
1037 3354 1100 3405 ario
1122 3349 1271 3406 seueriore
1295 3349 1359 3407 eius
1381 3362 1454 3424 qno·

314 3451 371 3511 qne
396 3434 530 3494 recensio
554 3441 613 3500 est.
637 3439 667 3491 et
688 3449 865 3511 quamquam
889 3449 922 3490 ex
948 3449 1000 3499 eo,
1028 3431 1106 3510 quod
1130 3429 1204 3500 dixi,
1234 3433 1305 3492 satis
1331 3439 1455 3510 apparet

314 3521 353 3578 ita
376 3517 461 3579 nobis
482 3517 621 3578 traditum
645 3533 709 3576 esse
733 3515 787 3574 boc
816 3514 980 3576 Aristotelis
1005 3533 1080 3593 opus
1102 3514 1240 3575 similiter
1262 3524 1350 3595 atique
1373 3533 1454 3574 com·

314 3603 397 3681 plura
421 3600 492 3670 alia,
522 3610 555 3661 ut
577 3621 634 3661 non
659 3603 716 3660 nisi
740 3603 859 3661 mixtam
889 3620 923 3660 nx
953 3609 1076 3680 utraque
1100 3599 1234 3660 codicum
1263 3601 1373 3660 larnilia
1404 3617 1454 3658 rc·

313 3690 481 3746 censionem
505 3689 648 3765 perficere
672 3683 759 3745 lmdie
781 3703 939 3764 queamus,
964 3695 1062 3746 tamen
1093 3687 1123 3744 ln
1147 3684 1202 3744 bac
1230 3689 1357 3746 mixtura
1380 3685 1455 3743 artis

313 3773 432 3832 criticae
461 3769 578 3848 regulas
605 3770 788 3848 diligentius,
817 3788 904 3850 qnam
933 3771 1029 3830 adlrnc
1059 3771 1166 3830 lactum
1195 3771 1247 3838 sit,
1278 3787 1343 3828 esse
1369 3767 1454 3828 adlri·

315 3855 424 3915 lrendas
453 3857 541 3934 preriti
570 3875 672 3916 ornnes
703 3853 876 3916 concedent.
927 3853 1010 3924 Quod
1040 3863 1073 3915 ut
1103 3856 1167 3923 ilat,
1202 3855 1296 3934 ipsius
1324 3859 1453 3914 vetustae

313 3937 514 4000 translationis
536 3938 638 4010 rerba,
668 3939 696 4000 id
726 3939 804 4019 quod
833 3957 935 4000 ornraea
962 3939 1059 4000 adbuc
1087 3939 1296 4018 neglexerunt,
1326 3956 1360 3998 ex
1389 3947 1454 3998 arte

314 4023 475 4084 seeundum
504 4023 622 4084 codices
649 4032 718 4086 sunt
746 4025 967 4094 constituenda,
1003 4023 1110 4084 deindo
1138 4043 1204 4084 eum
1238 4023 1326 4084 libris
1358 4021 1454 4083 allini-

313 4111 369 4170 bus
396 4109 517 4170 Graecis
552 4111 745 4176 corilerenda,
780 4110 907 4189 deniquo
935 4109 1155 4190 quaerendum,
1191 4107 1244 4170 ubi
1279 4107 1368 4168 huius
1402 4105 1453 4167 ubi

314 4194 435 4252 alterius
458 4191 586 4254 l‘amiliae
608 4193 748 4256 lectiones
770 4205 937 4276 praestent:
966 4193 1139 4273 ubicunqne
1164 4203 1262 4254 numm
1285 4210 1377 4274 aeque
1400 4191 1452 4252 bo·

380 4428 424 4492 bt)
441 4427 524 4482 Velut
544 4431 608 4482 teos
625 4445 650 4496 a,
670 4433 700 4484 12
718 4447 758 4500 sq.
780 4435 807 4497 b,
825 4435 840 4484 2
858 4449 917 4502 sqq.
