3236 5086
1230 405 1304 458 XLV

158 575 239 628 mus,
263 565 345 618 recte
368 565 523 636 praeterea
546 557 690 618 Zellerum
721 558 868 622 iudicasse
891 558 1060 628 credemus,
1089 559 1136 618 cui
1160 575 1218 620 non
1241 559 1304 638 ipse

158 643 262 704 Cicero
285 642 342 703 lroc
364 642 472 721 legisse
495 643 641 713 violentur,
672 655 772 723 utpote
802 645 852 724 qui
881 643 909 704 in
939 643 996 704 illis
1025 643 1212 724 proterendis
1235 662 1304 705 nus·

158 746 247 806 quem
271 727 306 788 ed
329 726 516 790 Aristotelem
542 737 682 807 prouocet
704 736 734 790 et
756 733 786 790 iu
810 731 921 805 Legum
951 729 1015 789 loco
1038 729 1075 786 de
1099 729 1216 808 politica
1240 729 1304 790 cius

159 813 291 872 doctrina
315 812 403 872 rerba
427 813 514 873 iaciat
536 813 572 873 ad
596 823 781 892 praesentem
806 816 897 890 magis
920 816 984 873 eius
999 831 1166 873 sermonem
1189 830 1304 874 accom-

159 897 287 958 modata.
334 897 438 958 Utrum
462 905 559 958 tarneu
583 917 650 958 cunr
673 899 787 960 Zellero
815 897 884 958 indo
913 897 1149 958 concludendum
1177 900 1215 958 sit
1243 901 1302 958 iarn

158 983 289 1060 priorem
318 983 493 1061 scriptorem
518 983 644 1060 aliquem
674 1002 758 1043 usum
788 985 877 1043 luisse
906 981 952 1042 lris
974 981 1140 1045 Aristotelis
1162 980 1244 1042 libris
1268 1001 1303 1042 er

158 1085 254 1146 eoque
269 1086 284 1126 a
300 1067 443 1128 Cicerone
459 1069 621 1127 sententias
637 1067 701 1127 illas
717 1085 781 1128 esse
795 1067 912 1128 haustas
923 1085 972 1136 au,
990 1066 1019 1127 id
1031 1067 1110 1147 quod
1125 1069 1218 1144 magis
1234 1085 1302 1145 pro·

159 1151 300 1221 baverim,
317 1171 333 1210 e
349 1151 546 1231 Tyrannionis
562 1171 614 1211 ore
629 1153 735 1213 Cicero
753 1172 803 1214 teas
819 1153 966 1213 etrelirisse
981 1163 1032 1212 aut
1047 1152 1084 1213 ab
1101 1152 1157 1213 lton
1174 1154 1202 1211 in
1217 1170 1303 1212 surun

158 1253 244 1296 usum
265 1245 420 1316 excerptas
442 1234 548 1313 legisse
572 1236 714 1298 dicendus
736 1239 783 1306 sit,
807 1256 863 1314 ego
886 1245 967 1298 certe
990 1236 1154 1298 decernere
1178 1255 1302 1317 nequeo.

155 1327 160 1336 ’
243 1321 391 1382 Secuntur
414 1322 500 1382 brius
524 1321 664 1400 Didymus
685 1321 899 1382 Alexandrinus
922 1321 1045 1398 Augusti
1074 1330 1104 1381 et
1127 1322 1305 1382 Maecenatis

157 1407 328 1474 familiaris,
352 1406 462 1486 quippe
486 1428 502 1466 e
525 1410 610 1467 cuius
633 1425 723 1488 opere
746 1405 865 1467 llurisse
889 1405 1023 1468 rideatur
1051 1408 1180 1484 epitome
1203 1405 1303 1466 Politi-
1344 1453 1350 1458 .

156 1507 260 1551 rorum
283 1489 528 1552 trtsroretoorom
552 1511 566 1552 a
591 1491 718 1552 Stolraen
745 1491 832 1552 nobis
855 1491 977 1560 tradite,
1000 1489 1165 1553 Alexander
1188 1491 1302 1572 dpbrs-

156 1575 309 1644 «licensis,
338 1574 469 1637 Eubulus
498 1575 680 1644 l'latouicus.
720 1575 842 1654 Longini
872 1575 1016 1655 aequalis,
1051 1577 1101 1655 qui
1129 1576 1301 1655 opusculum
1347 1587 1349 1592 '

157 1659 277 1738 reliquit
296 1653 489 1734 Ἐιιίσκεψις
522 1659 591 1721 τῶν
624 1655 681 1721 ὑπ’
711 1656 960 1740 Ἀριστοτέλους
995 1658 1033 1720 ἐν
1061 1657 1209 1743 δευτέρῳ
1235 1657 1303 1720 τῶν

157 1743 350 1806 Πολιτικῶν
377 1739 461 1824 πρὸς
481 1739 544 1824 τὴν
569 1741 750 1818 Πλάτωνος
773 1743 954 1807 Πολιτείαν
976 1739 1228 1824 ἀντειρημένα-ν
1256 1746 1302 1805 in·

155 1831 300 1908 scriptum
324 1847 493 1909 nuperque,
522 1839 665 1910 quantum
694 1839 831 1910 superest
858 1833 888 1890 iu
917 1831 1019 1890 codice
1043 1831 1181 1891 Vaticano
1204 1830 1302 1890 Procli

156 1914 192 1974 ad
216 1914 363 1974 etesiarum
391 1913 582 1992 Reipublicae
606 1915 772 1976 Platonicae
801 1915 909 1976 librum
939 1917 1185 1976 commentarium
1208 1916 1301 1974 conti-

157 2006 263 2070 nente,
293 1997 329 2057 ab
354 1998 466 2076 bugeio
489 1999 564 2059 bloio
587 2000 696 2061 editum
720 2001 749 2060 in
773 1999 915 2080 Scriptor.
941 2008 996 2058 vet.
1022 2018 1087 2060 nor.
1117 1999 1183 2060 coll.
1208 1999 1301 2060 Vatic.

157 2083 189 2145 ΙΙ.
216 2103 244 2164 p.
261 2080 321 2144 671
339 2081 466 2162 sqq.⁸³)‚
491 2084 635 2152 luliarurs.
659 2083 769 2146 scirnlia
793 2083 942 2163 bristoplr.
966 2085 1054 2152 dele,
1079 2085 1174 2164 qualia
1200 2083 1300 2160 legun-

155 2177 205 2229 tur
238 2170 267 2229 in
302 2169 434 2228 editione
467 2170 600 2248 principe
635 2167 797 2248 ntttmffl),
831 2169 944 2228 sebolia
979 2168 1141 2236 larcianea,
1177 2168 1300 2229 bliclrael

155 2253 317 2332 Ephesius,
341 2261 518 2331 personatus
540 2253 714 2314 Plutarchus
742 2252 831 2314 libelli
860 2251 937 2332 περὶ
966 2248 1139 2332 εὐγενείας
1164 2253 1300 2330 inscripti

155 2339 308 2405 conditor,
333 2339 455 2406 Suidas.
481 2337 616 2408 l‘hntius,
642 2339 827 2407 reseraturus,
850 2337 1027 2398 Tlrmrdorus
1050 2336 1215 2399 bletoclrita.
1246 2341 1299 2398 tic-

154 2423 236 2484 cedit
259 2425 388 2502 epitome
411 2423 448 2483 ab
471 2423 581 2484 loaune
604 2425 731 2484 Stobaeo
754 2423 815 2485 Ecl.
842 2423 875 2484 ll.
901 2443 929 2502 p.
945 2419 1008 2484 322
1023 2439 1087 2502 sqq.
1111 2421 1264 2502 oblata⁸³i

223 2591 268 2656 83)
286 2591 421 2642 Eubulum
439 2607 500 2642 esse
518 2592 606 2642 libelli
625 2593 788 2658 scriptorem
807 2597 883 2642 recte
901 2591 1015 2657 collegit
1032 2591 1123 2642 binius
1140 2607 1154 2640 e
1173 2591 1299 2656 Longino

155 2675 201 2725 sp.
224 2658 357 2724 Porphyr.
376 2660 408 2708 V.
427 2659 497 2710 Plot.
515 2663 556 2711 λθ.
582 2655 611 2710 ol
628 2651 766 2740 'Adrjvqor
790 2652 926 2736 διάδοχοι
950 2653 1091 2719 Διόδοτος
1112 2655 1162 2710 set
1187 2651 1299 2726 Εὔβου-

156 2729 205 2785 λος
298 2719 438 2793 Εὐβούλῳ
465 2721 498 2777 δλ
526 2723 684 2793 γέγραπται
712 2745 745 2778 το
771 2725 838 2792 neci
861 2743 917 2777 των
936 2718 1119 2792 ΙΑριστοτὲλει
1147 2723 1219 2792 πρὸς
1245 2722 1299 2793 τὴν

156 2787 311 2853 Πλάτωνος
329 2793 479 2845 πολιτείαν
497 2783 722 2862 ἆντειρημένιον.
759 2796 802 2845 Gi.
823 2794 944 2844 bibrliclr.
963 2795 1004 2844 De
1024 2794 1123 2844 iudicio
1141 2795 1176 2845 eb
1195 2797 1300 2844 Aristo-

154 2863 210 2911 tele
230 2862 264 2911 de
283 2863 426 2927 republica
445 2862 589 2912 Platonica
607 2864 694 2925 lucto,
720 2863 799 2912 italis
817 2861 1068 2914 ttDcnnuxvltt.
1102 2862 1143 2912 Ne
1163 2868 1252 2912 eutem
1271 2864 1299 2912 iu

154 2935 294 2995 posterum
318 2930 378 2994 quis
401 2945 461 2979 curn
484 2931 636 2995 Spengelio
659 2929 781 2992 (Ariston.
804 2930 917 2980 Studien
935 2931 986 2980 111.
1010 2947 1035 2996 p.
1054 2933 1070 2982 9
1088 2951 1122 2972 ε
1138 2929 1182 2996 ct)
1205 2938 1300 2996 speret

155 3000 230 3060 sore,
249 3002 279 3046 nt
297 3013 311 3046 ε
331 2997 426 3047 codice
446 2999 634 3048 Lnrrreutiono
657 3001 738 3061 etue
762 2999 870 3048 libellus
893 2999 992 3048 edetur
1014 3005 1089 3048 totus
1110 2997 1160 3062 (cl.
1180 2999 1298 3048 Bondini

154 3066 205 3116 lli.
232 3081 257 3130 ρ.
280 3065 353 3126 192),
376 3081 487 3128 moneo,
510 3069 588 3114 cuius
611 3067 649 3114 rei
674 3068 818 3116 certiorem
842 3083 884 3114 me
909 3067 975 3116 iecit
997 3065 1165 3128 Senonibus,
1188 3081 1248 3116 eum
1271 3068 1299 3115 in

155 3133 248 3183 iudice
266 3132 372 3197 quidem
391 3133 472 3182 buius
490 3133 595 3183 codicis
613 3117 719 3192 afferri,
738 3134 786 3183 sed
806 3149 860 3183 uun
879 3151 938 3184 cum
958 3133 1189 3200 praecedentibus
1207 3134 1299 3184 Procli

153 3200 292 3266 capitibus
311 3215 371 3250 esse
390 3203 524 3251 evulsum.
561 3203 602 3250 De
621 3203 687 3250 Ario
711 3209 802 3251 rcrrtem
822 3201 936 3264 Didymo
955 3203 1068 3252 scobset
1087 3202 1163 3252 sonte
1182 3217 1207 3252 v.
1226 3217 1298 3267 qnare

154 3268 348 3318 ‹tteseroemnt
364 3268 519 3318 Meinekius
537 3269 587 3331 (zu
601 3269 747 3328 Stobneus,
766 3269 900 3322 zeitschr,
915 3269 935 3324 i,
948 3269 1202 3332 Gymnesinlweseu
1221 3271 1298 3324 xttt.

157 3339 232 3387 1859.
251 3351 276 3401 p.
295 3338 345 3386 563
363 3337 436 3400 sqq.)
454 3342 481 3385 et
500 3335 624 3386 Zellerus
644 3337 660 3386 l.
675 3337 693 3386 l.
714 3337 753 3386 lll
769 3354 793 3387 n.
812 3353 838 3401 p.
858 3339 908 3386 bib
926 3351 986 3402 sqq.

222 3405 267 3466 et)
286 3404 316 3453 ln
336 3404 504 3454 editionibus
523 3403 700 3453 Diudortinnu
724 3411 752 3452 ot
775 3405 972 3454 Duebueriunn
994 3411 1057 3470 post
1078 3409 1182 3454 textum
1204 3405 1232 3454 in
1252 3405 1297 3453 nd·
1384 3407 1388 3416 '

154 3472 343 3521 notationibus
356 3471 424 3520 lrsec
437 3473 528 3536 positu
540 3479 614 3534 stent,
629 3472 653 3519 id
668 3472 739 3536 quod
753 3487 849 3522 moneo
862 3479 974 3536 propter
986 3472 1120 3522 Zellerum
1135 3471 1152 3522 l.
1168 3473 1184 3522 l.
1199 3488 1224 3536 p.
1237 3475 1296 3521 ocu.

222 3539 267 3602 Bb)
287 3538 375 3588 Locos
399 3537 572 3603 collegerunt
588 3539 753 3606 Spengelius
777 3539 844 3589 tteb.
863 3539 888 3592 d,
907 3540 966 3590 Pol.
984 3540 1035 3590 des
1051 3540 1096 3589 Ar.
1115 3555 1140 3604 ρ.
1159 3542 1201 3590 tt.
1219 3555 1244 3589 n.
1264 3544 1297 3590 39

153 3611 184 3656 et
206 3607 333 3656 ttettztus
352 3605 369 3655 l.
387 3605 403 3656 l.
430 3623 454 3670 p.
472 3609 531 3656 242.
550 3622 577 3657 n.
591 3611 616 3656 3.
658 3607 810 3656 Praeterea
834 3609 965 3657 blarrritio
988 3607 1152 3666 Schmidtim
1174 3606 1200 3655 id
1224 3607 1295 3672 quod

153 3689 260 3723 mecum
275 3675 495 3738 communicavit,
510 3675 546 3736 ll,
559 3678 582 3725 t.
598 3675 662 3725 rent
673 3691 698 3738 s,
708 3678 724 3727 2
734 3689 793 3739 sqq.
804 3681 868 3724 ante
881 3676 974 3725 oculos
987 3675 1116 3724 belruisse
1130 3675 1224 3738 ibique
1239 3691 1262 3725 r.
1272 3679 1295 3726 8.

153 3738 204 3791 καλ
228 3731 442 3806 ἆνετιιδύμητοι
468 3742 492 3791 le
517 3743 571 3792 isse
596 3741 704 3816 videtur
725 3742 811 3793 ciem.
836 3742 913 3793 Alex.
935 3743 1034 3793 Strom.
1058 3741 1118 3793 Vll.
1142 3743 1191 3791 tte
1214 3742 1245 3791 Α.
1266 3743 1294 3793 tt.

152 3809 224 3872 (διο,
246 3811 276 3858 td
290 3825 351 3883 τρο,
367 3806 457 3874 Sylb.)
477 3757 517 3868 εἷς
535 3804 660 3884 plenave
675 3801 767 3926 pieac
786 3801 801 3860 ὁ
820 3802 1040 3878 ἁνειιιδίμητος
1055 3802 1084 3872 ἐξ
1103 3798 1193 3884 ἆρχῇς
1210 3801 1295 3887 dyd-

153 3891 216 3941 ριος
239 3869 254 3926 d
279 3876 489 3940 φιλανθρωπος
587 3891 650 3927 ocor
695 3871 707 3927 δ
732 3870 760 3941 ἐξ
1281 3873 1291 3886 ”

152 3939 305 4011 δεδομένῳ
324 3943 497 4016 χαρακτῆρι,
521 3935 737 4011 ἄνετιιδδμητοι
761 3937 774 3996 ἒ

153 4019 184 4060 at
202 4012 272 4062 haec
291 4027 335 4064 res
353 4011 495 4062 admodum
520 4014 629 4062 irroertn
651 4019 703 4066 est,
739 4013 903 4062 Plutarchus
926 4018 957 4063 ut
979 4015 1090 4079 saepius
1114 4013 1139 4062 in
1163 4015 1222 4064 vite
1245 4013 1296 4078 [ιγ-

152 4081 231 4196 cqui
251 4085 384 4198 prprlqcst
408 4080 442 4130 sd
462 4080 626 4197 qristqtqlilq
639 4080 767 4198 Politqam
786 4081 1092 4199 Ιιὶιιοοδιιιιεῳοιιίοτιιιο,ι
1106 4081 1159 4142 its,
1178 4082 1230 4132 nisi
1249 4081 1296 4130 sd·

152 4163 198 4197 rno
218 4161 263 4197 om
300 4165 316 4196 ιι
338 4163 380 4209 οε,
408 4163 523 4198 eumeni
562 4165 604 4198 re
629 4163 673 4198 um
696 4165 778 4198 eram
806 4165 833 4198 rn
858 4165 881 4201 c.
936 4191 941 4201 .
969 4165 1013 4199 res
1034 4165 1104 4209 exi,
1132 4164 1212 4213 quem
1235 4164 1296 4198 usru

152 4215 257 4266 similis
275 4215 406 4280 leguntur
425 4217 451 4266 in
472 4216 581 4266 Potitio.
601 4216 642 4277 tt,
660 4217 684 4280 ii.
706 4213 816 4278 leuch,
836 4219 969 4268 12-1270
987 4166 1048 4278 rupti
1070 4221 1098 4266 et
1117 4163 1295 4266 locuruqbnne.

152 4281 351 4334 Plutsrcheum
370 4299 458 4349 neque
477 4283 625 4334 Muellerus
648 4299 735 4348 neque
758 4285 857 4336 Rosius
880 4301 969 4351 neque
989 4286 1115 4334 licitaius
1133 4290 1296 4351 receperunt

149 4351 180 4400 in
203 4367 342 4401 numerum
366 4351 582 4417 fragmentorum
606 4351 724 4402 Politice
749 4353 1038 4404 lacedaemoniorum.
1077 4351 1191 4402 Ceteros
1218 4353 1296 4402 tucos

151 4433 262 4484 omues,
282 4421 334 4470 etsi
353 4434 425 4484 qaue
444 4421 601 4470 necessaris
619 4425 696 4486 sunt,
720 4422 803 4472 etism
823 4427 921 4487 postes
940 4423 968 4472 iu
986 4427 1124 4488 apparatu
1144 4421 1242 4472 critico
1261 4435 1295 4471 ex

763 3893 779 3928 ο
801 3877 938 3928 oretanos
960 3869 1118 3928 σπεύδουσι
1141 3893 1180 3945 τῳ
1204 3893 1294 3928 coroa

776 3895 798 4008 p
811 3938 955 4012 ἀσκήσεως
973 3939 1113 4012 γενέσθαι
1136 3937 1294 4011 βιάζονται,
